
@report{noauthor_futurs_2022,
	title = {Futurs Energetiques 2050},
	institution = {{RTE}},
	date = {2022},
	file = {2022 - Futurs Energetiques 2050.pdf:C\:\\Users\\Beaucour\\Zotero\\storage\\WSHYQML4\\2022 - Futurs Energetiques 2050.pdf:application/pdf;Analyse Economique.pdf:C\:\\Users\\Beaucour\\Zotero\\storage\\33AKCFVV\\Analyse Economique.pdf:application/pdf;Analyse Environnementale.pdf:C\:\\Users\\Beaucour\\Zotero\\storage\\J7RPUL4R\\Analyse Environnementale.pdf:application/pdf},
}

@report{iea_role_2021,
	title = {The Role of Critical Minerals in Clean Energy Transitions},
	pages = {287},
	author = {{IEA}},
	date = {2021},
	langid = {english},
	keywords = {02\_Approvisionnement métaux},
	file = {The Role of Critical Minerals in Clean Energy Tran.pdf:C\:\\Users\\Beaucour\\Zotero\\storage\\5W5FEX5A\\The Role of Critical Minerals in Clean Energy Tran.pdf:application/pdf},
}

@article{vakulchuk_renewable_2020,
	title = {Renewable energy and geopolitics: A review},
	volume = {122},
	issn = {1364-0321},
	url = {https://www.sciencedirect.com/science/article/pii/S1364032119307555},
	doi = {10.1016/j.rser.2019.109547},
	shorttitle = {Renewable energy and geopolitics},
	abstract = {This article reviews the literature on the geopolitics of renewable energy. It finds that while the roots of this literature can be traced back to the 1970s and 1980s, most of it has been published from 2010 onwards. The following aggregate conclusions are extracted from the literature: renewable energy has many advantages over fossil fuels for international security and peace; however, renewable energy is thought to exacerbate security risks and geopolitical tensions related to critical materials and cybersecurity; former hydrocarbon exporters will likely be the greatest losers from the energy transition. Many of the reviewed publications share some weaknesses: a failure to define “geopolitics”; an unwarranted assumption that very little has been published in the field previously; limited use of established forecasting, scenario-building or foresight methodologies; a lack of recognition of the complexity of the field; a lack of theorisation. Most authors do not distinguish between the geopolitical risks associated with different types of renewable energy, and only a few distinguish clearly between the geopolitics of the transitional phase and the geopolitics of a post-energy transition world. A disproportionately large part of the literature is dedicated to critical materials and cybersecurity, while only a small part concerns the decline of former fossil fuel powers. Among those publications that do discuss the decline of fossil fuels, there is also an over-focus on oil producers and a lack of attention to the countries that rely heavily on coal, for example Australia, China, Germany, Indonesia, Poland and the United States.},
	pages = {109547},
	journaltitle = {Renewable and Sustainable Energy Reviews},
	shortjournal = {Renewable and Sustainable Energy Reviews},
	author = {Vakulchuk, Roman and Overland, Indra and Scholten, Daniel},
	urldate = {2022-10-25},
	date = {2020-04-01},
	langid = {english},
	keywords = {01\_Risque dvp {ENR}, Critical materials, Energy security, Energy transition, Geopolitics, Literature review, Petrostate decline, Renewable energy},
	file = {ScienceDirect Full Text PDF:C\:\\Users\\Beaucour\\Zotero\\storage\\HMSBXWVY\\Vakulchuk et al. - 2020 - Renewable energy and geopolitics A review.pdf:application/pdf},
}

@article{bricout_geopolitics_2022,
	title = {From the geopolitics of oil and gas to the geopolitics of the energy transition: Is there a role for European supermajors?},
	volume = {88},
	issn = {2214-6296},
	url = {https://www.sciencedirect.com/science/article/pii/S2214629622001384},
	doi = {10.1016/j.erss.2022.102634},
	shorttitle = {From the geopolitics of oil and gas to the geopolitics of the energy transition},
	abstract = {The energy transition is changing the corporate positioning of European international oil companies ({IOCs}). Developments such as Russia's invasion of Ukraine in 2022 and the gas market volatility of 2021 have brought energy geopolitics to the fore and further complicated the landscape in which these companies operate. By combining data from literature and semi-structured interviews with key experts, this work explores how the influence of the European {IOCs} on the geopolitics of oil, gas, and renewable energy sources might evolve in the transition. We find that European {IOCs} continue to have geopolitical influence, but it has been diminished by the rise of national oil companies. If fossil fuels are phased down globally, the reduction in oil activities of these companies is likely to further reduce their geopolitical power. While European {IOCs} may continue to be active in the gas market, this is unlikely to render them significant geopolitical influence given that they may become common rather than dominant market players. The same is true for the {IOCs}' role in renewable energy markets, although here European {IOCs} may seek to gain more influence by becoming significant intermediaries and global experts. As the energy transition progresses, many experts expect the political and market landscape around energy to become more fragmented, reducing the overall geopolitical influence of {IOCs}. Recent events such as the war in Ukraine do not change the overall conclusions, although it remains to be seen whether they will slow down or speed up the {IOCs}' involvement in the energy transition.},
	pages = {102634},
	journaltitle = {Energy Research \& Social Science},
	shortjournal = {Energy Research \& Social Science},
	author = {Bricout, Aymeric and Slade, Raphael and Staffell, Iain and Halttunen, Krista},
	urldate = {2022-10-25},
	date = {2022-06-01},
	langid = {english},
	keywords = {Energy transition, Geopolitics, Oil industry, Oil majors},
	file = {ScienceDirect Full Text PDF:C\:\\Users\\Beaucour\\Zotero\\storage\\WDGZB9FE\\Bricout et al. - 2022 - From the geopolitics of oil and gas to the geopoli.pdf:application/pdf},
}

@article{scholten_geopolitics_2016,
	title = {The geopolitics of renewables; exploring the political implications of renewable energy systems},
	volume = {103},
	issn = {0040-1625},
	url = {https://www.sciencedirect.com/science/article/pii/S0040162515003091},
	doi = {10.1016/j.techfore.2015.10.014},
	abstract = {This paper explores the potential political implications of the geographic and technical characteristics of renewable energy systems. This is done through a thought experiment that imagines a purely renewable based energy system, keeping all else equal. We start by noting that all countries have access to some form of renewable energy, though some are better endowed than others. We find two major implications for renewable energy based markets: a) countries face a make or buy decision, i.e. they have a choice to produce or import energy; b) electricity is the dominant energy carrier, implying a more physically integrated infrastructure with stringent managerial requirements. Two scenarios illustrate the strategic concerns arising from these implications: Continental, following a buy decision and more centralized network, and National, following a make decision and more decentralized network. Three observations stand out compared to the geopolitics of an energy system based on fossil fuels. First, a shift in considerations from getting access to resources to strategic positioning in infrastructure management. Second, a shift in strategic leverage from producers to consumers and those countries being able to render balancing and storage services. Finally, the possibility for most countries to become a ‘prosumer country’ may greatly reduce any form of geopolitical concern.},
	pages = {273--283},
	journaltitle = {Technological Forecasting and Social Change},
	shortjournal = {Technological Forecasting and Social Change},
	author = {Scholten, Daniel and Bosman, Rick},
	urldate = {2022-10-25},
	date = {2016-02-01},
	langid = {english},
	keywords = {01\_Risque dvp {ENR}, Geopolitics, Renewable energy systems, Thought experiment},
	file = {ScienceDirect Full Text PDF:C\:\\Users\\Beaucour\\Zotero\\storage\\9RH6NX28\\Scholten et Bosman - 2016 - The geopolitics of renewables\; exploring the polit.pdf:application/pdf},
}

@article{overland_geopolitics_2019,
	title = {The geopolitics of renewable energy: Debunking four emerging myths},
	volume = {49},
	issn = {2214-6296},
	url = {https://www.sciencedirect.com/science/article/pii/S2214629618308636},
	doi = {10.1016/j.erss.2018.10.018},
	shorttitle = {The geopolitics of renewable energy},
	abstract = {This article seeks to nip in the bud four emerging myths about the geopolitics of the rise of renewable energy and the concomitant increase in electricity usage. The article presents alternative perspectives, arguing that (1) the risk of geopolitical competition over critical materials for renewable energy is limited; (2) the resource curse as we know it from the petroleum sector will not necessarily reappear in many countries in connection with renewable energy; (3) transboundary electricity cut-offs will mostly be unsuitable as a geopolitical weapon; and (4) it is not clear that growing use of renewable energy will exacerbate cyber-security risks. In all four areas, the evolving literature could place more emphasis on uncertainty and risks and less on one-sided scenarios and maximization of threats.},
	pages = {36--40},
	journaltitle = {Energy Research \& Social Science},
	shortjournal = {Energy Research \& Social Science},
	author = {Overland, Indra},
	urldate = {2022-10-25},
	date = {2019-03-01},
	langid = {english},
	keywords = {01\_Risque dvp {ENR}, 02\_Approvisionnement métaux, Malédiction des ressources},
	file = {ScienceDirect Full Text PDF:C\:\\Users\\Beaucour\\Zotero\\storage\\9RFHNLAC\\Overland - 2019 - The geopolitics of renewable energy Debunking fou.pdf:application/pdf},
}

@article{manberger_geopolitics_2019,
	title = {The geopolitics of metals and metalloids used for the renewable energy transition},
	volume = {26},
	issn = {2211-467X},
	url = {https://www.sciencedirect.com/science/article/pii/S2211467X19300872},
	doi = {10.1016/j.esr.2019.100394},
	abstract = {This study examines the geopolitical role of 14 metals and metalloids needed for renewable energy technologies. The analysis focuses on three factors with potential geopolitical importance: the geographic concentration of resources, potential revenues of resources rich countries and the size of total global markets. The geographic concentration of most of the fourteen studied metals and metalloids will be higher than for oil. The only exceptions are tellurium, copper and silicon. The economic revenues as fraction of total economic throughput will be rather low for most of the countries studied. This will reduce the risk for a resource curse to emerge. The exceptions are the Democratic republic of Congo, Chile, Cuba, Madagascar and Zambia. The total economic value of the studied metals and metalloids will also be much smaller than the current oil market.},
	pages = {100394},
	journaltitle = {Energy Strategy Reviews},
	shortjournal = {Energy Strategy Reviews},
	author = {Månberger, André and Johansson, Bengt},
	urldate = {2022-10-25},
	date = {2019-11-01},
	langid = {english},
	keywords = {02\_Approvisionnement métaux, Critical material, Energy transition, Geopolitics, Malédiction des ressources, Renewable energy, Resource curse},
	file = {ScienceDirect Full Text PDF:C\:\\Users\\Beaucour\\Zotero\\storage\\IMKM6DF8\\Månberger et Johansson - 2019 - The geopolitics of metals and metalloids used for .pdf:application/pdf},
}

@article{donnen_vers_2022,
	title = {Vers une ère métallisée : renforcer la résilience des industries par un mécanisme de stockage stratégique de métaux rares},
	author = {Donnen, Vincent},
	date = {2022},
	keywords = {04\_Politiques\_sur\_les\_matériaux\_critiques, Extraction, Recyclage, Stock stratégique, Stratégie d'approvisionnement, Terres rares},
	file = {Donnen - Vers une ère métallisée  renforcer la résilience .pdf:C\:\\Users\\Beaucour\\Zotero\\storage\\J5UZ8DI8\\Donnen - Vers une ère métallisée  renforcer la résilience .pdf:application/pdf},
}

@article{lepesant_transition_nodate,
	title = {La transition énergétique face au défi des métaux critiques},
	pages = {56},
	author = {Lepesant, Gilles},
	langid = {french},
	keywords = {02\_Approvisionnement métaux},
	file = {Lepesant - La transition énergétique face au défi des métaux .pdf:C\:\\Users\\Beaucour\\Zotero\\storage\\JRBLX6RD\\Lepesant - La transition énergétique face au défi des métaux .pdf:application/pdf},
}

@article{hache_vers_2019,
	title = {Vers une géopolitique de l’énergie plus complexe ?},
	volume = {N° 113},
	issn = {1287-1672, 2104-3876},
	url = {http://www.cairn.info/revue-internationale-et-strategique-2019-1-page-71.htm?ref=doi},
	doi = {10.3917/ris.113.0071},
	pages = {71},
	number = {1},
	journaltitle = {Revue internationale et stratégique},
	author = {Hache, Emmanuel and Carcanague, Samuel and Bonnet, Clément and Seck, Gondia Sokhna and Simoën, Marine},
	urldate = {2022-10-26},
	date = {2019},
	langid = {french},
	keywords = {02\_Approvisionnement métaux, Brevets, Criticité, Malédiction des ressources, Terres rares},
	file = {Hache et al. - 2019 - Vers une géopolitique de l’énergie plus complexe .pdf:C\:\\Users\\Beaucour\\Zotero\\storage\\KLUQQCKY\\Hache et al. - 2019 - Vers une géopolitique de l’énergie plus complexe .pdf:application/pdf},
}

@article{eyl-mazzega_dimension_2019,
	title = {La dimension stratégique de la transition énergétique. Défis et réponses pour la France, l'Allemagne et l'Union européenne},
	pages = {72},
	author = {Eyl-Mazzega, Marc-Antoine},
	date = {2019},
	langid = {french},
	keywords = {01\_Risque dvp {ENR}, 02\_Approvisionnement métaux},
	file = {Eyl-Mazzega - La dimension stratégique de la transition énergéti.pdf:C\:\\Users\\Beaucour\\Zotero\\storage\\77FF6IA5\\Eyl-Mazzega - La dimension stratégique de la transition énergéti.pdf:application/pdf},
}

@article{palle_bringing_2021,
	title = {Bringing geopolitics to energy transition research},
	volume = {81},
	issn = {2214-6296},
	url = {https://www.sciencedirect.com/science/article/pii/S2214629621003261},
	doi = {10.1016/j.erss.2021.102233},
	abstract = {This perspective aims at a geopolitical conceptual and empirical contribution to research questions on power in energy transition research, coming from the history of energy and Sustainability Transitions Studies. It aims at answering the call that has been made for the development of approaches that take power dynamics between actors into account, by authors coming from Sustainability Transitions Studies. This article suggests a geopolitical approach of power relations, at and of the different scales of energy transitions – understood as a change of energy resource could open a complementary and more spatial vision on this issue based on the main concepts of representations, territoriality, and resource development. This conceptual proposition is then developed over two empirical examples. The first one is France’s energy governance system, which is just stepping out of its precedent energy transition towards nuclear energy. It explores the effects of the ongoing sustainable transition on the structure of the political landscape and of the energy sector using the concepts of resource development control and appropriation. The second one on {EU} energy transition policy highlights the importance of representations, a key concept in geopolitics, whose analysis facilitates the understanding of actors’ strategies.},
	pages = {102233},
	journaltitle = {Energy Research \& Social Science},
	shortjournal = {Energy Research \& Social Science},
	author = {Palle, Angélique},
	urldate = {2022-10-28},
	date = {2021-11-01},
	langid = {english},
	keywords = {00\_Intro, Energy transition, Geopolitics, Justice, Power, Research agenda},
	file = {ScienceDirect Full Text PDF:C\:\\Users\\Beaucour\\Zotero\\storage\\IGJ4T8RY\\Palle - 2021 - Bringing geopolitics to energy transition research.pdf:application/pdf;ScienceDirect Snapshot:C\:\\Users\\Beaucour\\Zotero\\storage\\592WR6AR\\S2214629621003261.html:text/html},
}

@online{noauthor_risque_nodate,
	title = {Risque — Géoconfluences},
	url = {http://geoconfluences.ens-lyon.fr/glossaire/risque-s},
	abstract = {En géographie, un risque est la possibilité qu'un aléa se produise et touche une population vulnérable à cet aléa. L'équivalent anglais est risk.
 Il ne faut donc pas confondre aléa, risque et vulnérabilité. L'aléa est un phénomène (naturel ou technologique) plus ou moins probable sur un espace donné. La vulnérabilité exprime le niveau d'effet prévisible de ce phénomène sur des enjeux (l'homme et ses activités). Le risque peut être défini comme la probabilité d’occurrence de dommage compte tenu des interactions entre facteurs d’endommagement (aléas) et facteurs de vulnérabilité (peuplement, répartition des biens). On peut ainsi résumer cette définition par une formule : « risque = aléa × vulnérabilité ». La notion de risque recouvre à la fois le danger potentiel de catastrophe et la perception qu'en a la société, l’endommagement potentiel, comme celle de l’endommagement effectif. Un risque peut être d'origine naturelle ou peut avoir des causes purement anthropiques (risques technologiques, risques géopolitiques par exemple).
 Les risques « naturels » se rapportent à des aléas qui font intervenir des processus naturels variés : atmosphériques, hydrologiques, géologiques ou géomorphologiques. Les guillemets sont importants car tout risque implique la présence d'une société humaine vulnérable, le risque a donc nécessairement une composante anthropique. Le risque naturel se situe ainsi à la croisée entre, d'une part, un ou plusieurs aléas, et, d'autre part, la vulnérabilité d'une société ou d'un territoire qu'elle occupe. L'aléa ne devient un risque qu'en présence d'enjeux humains, économiques et environnementaux. Par exemple, un typhon sur un atoll désert de l'océan Pacifique n'est pas un risque, mais un cyclone sur les îles densément habitées des Caraïbes devient un risque majeur et provoque des dommages considérables. La question des risques naturels permet ainsi de revisiter un vieux paradigme de la géographie, celui des rapports entre les sociétés et la nature.
 Le risque, d'origine naturelle ou technologique, est dit majeur lorsqu'il peut faire de très nombreuses victimes et occasionner des dommages considérables, dépassant les capacités de réaction des instances concernées (États, sociétés civiles), à l'échelle de la zone touchée. Le risque majeur est caractérisé conjointement par une faible probabilité d’occurrence (faible fréquence) et d'énormes conséquences, il peut alors devenir une catastrophe perturbant durablement les équilibres naturels et sociaux à divers niveaux d'échelle. Les conséquences, pour la population, sont dans tous les cas tragiques en raison du déséquilibre brutal entre besoins et moyens de secours disponibles.
 Le risque s'entend également au sens de la prise de risque. Il est au cœur du principe de précaution et de la gestion de l'incertitude. On peut distinguer le risque – situation pour laquelle une liste de toutes les éventualités et de leur probabilité de réalisation peut être établie – de l'incertitude, situation pour laquelle l'une ou l'autre de ces deux conditions n'est pas vérifiée.
 L'incertitude exprime le degré avec lequel une valeur (l’état futur du système climatique, par exemple) est inconnue. L’incertitude peut être due à un manque d’informations ou à un désaccord sur ce qui est connu, voire sur ce qui peut être connu. Elle peut avoir des origines diverses : erreurs quantifiables au niveau des données ; concepts ou terminologie aux définitions ambiguës ; prévisions/projections du comportement humain difficiles à anticiper. L’incertitude peut donc être représentée par des mesures quantitatives (une fourchette de valeurs calculées par divers modèles, par exemple) ou par des énoncés qualitatifs (reflétant l’opinion d’un groupe d’experts).
 L'atténuation ou la mitigation des risques repose sur les trois « P » : prévision, prévention, protection. La prévision du risque permet de mettre en place des protocoles, et d'informer la population de manière claire : selon la nature de l'aléa, il peut être conseillé de fuir (tsunami) ou au contraire de rester chez soi en adoptant les bonnes pratiques (séisme). La prévision peut se faire plusieurs heures avant ou seulement quelques minutes, selon l'aléa, et elle peut aussi être latente : on sait que dans le lit majeur d'une rivière, des inondations se produiront inévitablement, sans pouvoir en prédire la date. La prévention et la protection regroupent toutes les actions mises en œuvre pour minimiser les effets du risque, soit en informant sans relâche les populations et les acteurs (sécurité civile, pompiers, personnels de santé, enseignants...) soit en construisant des ouvrages d'art, en adoptant des zonages, en adaptant le bâti. Un ouvrage de protection peut cependant aggraver le risque si la force de l'aléa dépasse la prévision (digues, enrochements, etc.) La résilience désigne la capacité d'une société à retrouver un équilibre après la réalisation du risque.  
 Le niveau des risques « naturels » pourrait se voir amplifié par les impacts des évolutions climatiques, aggravées par la croissance démographique mondiale et par la pression sur les ressources. Des communautés entières sont d’ores et déjà chassées, provisoirement ou définitivement, de leur habitat par différentes crises environnementales parfois meurtrières : sécheresses, inondations, séismes, etc. Or, dans le droit juridique international, aucune protection ne s’applique aux victimes de catastrophes naturelles qui ne peuvent prétendre au statut de réfugié et qui, le plus souvent, sont déplacées à l’intérieur de leur propre pays.
 (coll.) dernières mise à jour : 2015, 2019, mars 2022.
 Pour compléter 	
 - Notre glossaire Risques et sociétés 	
 - L'exemple du Timor oriental : Christine Cabasset, « Aménager les zones côtières à la hauteur des risques et des enjeux environnementaux : le cas du Timor oriental », Géoconfluences, mars 2021. 	
 - Serge Bourgeat et Catherine Bras, « Montserrat ou l’impossibilité d’une île ? Les difficultés de la résilience en milieu insulaire », Géoconfluences, septembre 2020. 	
 - Françoise Pagney Bénito-Espinal, « Construire une culture du risque efficiente ? Le cas de la Guadeloupe et de la Martinique », novembre 2019. 	
 - Édouard de Bélizal, « Le volcan Merapi (Indonésie) : espaces et temporalités du risque sur un volcan indonésien singulier », septembre 2019. 	
 - Elsa Peinturier, Risques littoraux et aménagement en Louisiane : les défis d’un territoire insoutenable ?,  Géoconfluences, 2015 	
 - Christopher Gomez, Franck Lavigne, Raphaël Paris et Sylviane Tabarly, Séisme et tsunami à Sumatra, 2004 - 2010 : de la catastrophe environnementale et humaine à la reconstruction Liens externes 	
 - L'Institut du développement durable et des relations internationales ({IDDRI}) se propose d'étudier les stratégies des acteurs dans les différentes négociations (Biosécurité, {POPs}, Codex Alimentarius, Biodiversité, etc.) et d'anticiper les lieux où les pressions internationales vont se révéler fortes. Voir, en particulier, les publications (notes, synthèses, séminaires et divers accessibles en ligne) : www.iddri.org 	
 - La prévention des risques de tsunamis et autres risques littoraux en France, sur le site du ministère en charge de l'écologie.},
	type = {Terme},
	urldate = {2022-10-28},
	langid = {french},
	keywords = {00\_Intro, Définition},
}

@online{noauthor_critical_nodate,
	title = {Critical raw materials},
	url = {https://single-market-economy.ec.europa.eu/sectors/raw-materials/areas-specific-interest/critical-raw-materials_en},
	abstract = {Why critical raw materials are important, list of critical raw materials and other Commission actions, and supporting information.},
	urldate = {2022-10-30},
	langid = {english},
	file = {Snapshot:C\:\\Users\\Beaucour\\Zotero\\storage\\M7AXZNKP\\critical-raw-materials_fr.html:text/html},
}

@online{brgm_substances_2022,
	title = {Substances critiques et stratégiques {\textbar} {MineralInfo}},
	url = {https://www.mineralinfo.fr/fr/securite-des-approvisionnements-pour-leconomie/substances-critiques-strategiques},
	abstract = {La criticité des métaux est un sujet complexe qui a fait l'objet de nombreux travaux depuis une dizaine d'années. C'est une notion variable dans le temps qui s'exprime selon deux axes : la disponibilité de la substance et son importance économique. Le {BRGM} mène des travaux pour fournir des éléments de détermination de l'exposition de la France aux risques pesant sur les approvisionnements en chacune des substances investiguées et leur importance pour l'économie française. Le résultat des ces travaux se présente sous deux formats : des "monographies" détaillées, et des "fiches de criticité" plus synthétiques.},
	author = {{BRGM}},
	urldate = {2022-11-01},
	date = {2022},
	langid = {french},
	keywords = {02\_Approvisionnement métaux, 04\_Politiques\_sur\_les\_matériaux\_critiques},
	file = {Snapshot:C\:\\Users\\Beaucour\\Zotero\\storage\\CDDITABI\\substances-critiques-strategiques.html:text/html},
}

@report{brgm_fiche_2018,
	title = {Fiche de synthèse sur la criticité des métaux - Le cuivre},
	author = {{BRGM}},
	date = {2018},
	file = {fichecriticitecu180205.pdf:C\:\\Users\\Beaucour\\Zotero\\storage\\Y8GKXI9B\\fichecriticitecu180205.pdf:application/pdf},
}

@report{brgm_fiche_2021,
	title = {Fiche de synthèse sur la criticité des métaux - Le cobalt},
	author = {{BRGM}},
	date = {2021},
	file = {fichecriticitecobalt-publique-210225.pdf:C\:\\Users\\Beaucour\\Zotero\\storage\\JSQE9BU6\\fichecriticitecobalt-publique-210225.pdf:application/pdf},
}

@article{niquet_chine_2011,
	title = {La Chine et l'arme des terres rares},
	volume = {84},
	issn = {1287-1672},
	url = {https://www.cairn.info/revue-internationale-et-strategique-2011-4-page-105.htm},
	doi = {10.3917/ris.084.0105},
	abstract = {Les matières premières constituent un intrant essentiel au développement de nos sociétés. Alimentation, sources d'énergie, minerais..., elles couvrent le spectre des besoins des populations et sont l'objet de convoitises de la part des États et des entreprises chargées de leur exploitation ou de leur acheminement.
Si ces luttes prennent rarement la forme d'affrontements armés, on parle toutefois aujourd'hui de guerres commerciales des matières premières ou de course aux approvisionnements entre des acteurs du secteur aux objectifs divers : développement de la prospection, sécurisation de l'accès aux ressources, protection de l'exploitation des gisements, conquête de nouveaux marchés, etc.
Quelles sont les stratégies développées par les pays consommateurs face aux fournisseurs ? Une reconfiguration des flux énergétiques mondiaux est-elle envisageable ? L'Arctique est-il le nouvel Eldorado énergétique, futur épicentre des tensions internationales ? Les matières premières stratégiques sont-elles une arme diplomatique ? C'est pour fournir un éclairage sur ces problématiques que de nombreux spécialistes ont accepté de contribuer à ce dossier consacré à la place des matières premières dans les relations internationales.},
	pages = {105--113},
	number = {4},
	journaltitle = {Revue internationale et stratégique},
	shortjournal = {Revue internationale et stratégique},
	author = {Niquet, Valérie},
	urldate = {2022-11-02},
	date = {2011},
	langid = {french},
	note = {Publisher: {IRIS} éditions},
	keywords = {02\_Approvisionnement métaux},
	file = {Snapshot:C\:\\Users\\Beaucour\\Zotero\\storage\\AR73HSBE\\revue-internationale-et-strategique-2011-4-page-105.html:text/html},
}

@article{jegourel_securisation_2011,
	title = {La sécurisation des approvisionnements en métaux stratégiques : entre économie et géopolitique},
	volume = {84},
	issn = {1287-1672},
	url = {https://www.cairn.info/revue-internationale-et-strategique-2011-4-page-61.htm},
	doi = {10.3917/ris.084.0061},
	shorttitle = {La sécurisation des approvisionnements en métaux stratégiques},
	abstract = {Les matières premières constituent un intrant essentiel au développement de nos sociétés. Alimentation, sources d'énergie, minerais..., elles couvrent le spectre des besoins des populations et sont l'objet de convoitises de la part des États et des entreprises chargées de leur exploitation ou de leur acheminement.
Si ces luttes prennent rarement la forme d'affrontements armés, on parle toutefois aujourd'hui de guerres commerciales des matières premières ou de course aux approvisionnements entre des acteurs du secteur aux objectifs divers : développement de la prospection, sécurisation de l'accès aux ressources, protection de l'exploitation des gisements, conquête de nouveaux marchés, etc.
Quelles sont les stratégies développées par les pays consommateurs face aux fournisseurs ? Une reconfiguration des flux énergétiques mondiaux est-elle envisageable ? L'Arctique est-il le nouvel Eldorado énergétique, futur épicentre des tensions internationales ? Les matières premières stratégiques sont-elles une arme diplomatique ? C'est pour fournir un éclairage sur ces problématiques que de nombreux spécialistes ont accepté de contribuer à ce dossier consacré à la place des matières premières dans les relations internationales.},
	pages = {61--67},
	number = {4},
	journaltitle = {Revue internationale et stratégique},
	shortjournal = {Revue internationale et stratégique},
	author = {Jégourel, Yves},
	urldate = {2022-11-02},
	date = {2011},
	langid = {french},
	note = {Publisher: {IRIS} éditions},
	keywords = {02\_Approvisionnement métaux},
	file = {Texte intégral:C\:\\Users\\Beaucour\\Zotero\\storage\\7MDGZCI8\\Jégourel - 2011 - La sécurisation des approvisionnements en métaux s.pdf:application/pdf},
}

@online{noauthor_nucleaire_2019,
	title = {Le nucléaire de demain sera chinois {\textbar} Connaissances des énergies},
	url = {https://www.connaissancedesenergies.org/tribune-actualite-energies/le-nucleaire-de-demain-sera-chinois},
	abstract = {Au début des années 1980, la Chine lance deux projets de centrales nucléaires : Qinshan phase I (réacteur de 300 {MW} de technologie chinoise, connecté au réseau en 1991) et Daya-Bay (2 unités de 1 000 {MW} de technologie française, mise en service en 1995). Suivront les centrales de Ling Ao (duplication de Daya-Bay), Quinshan {II} (650 {MW} de technologie française), Quinshan {III} (réacteurs à eau lourde de technologie canadienne) et deux réacteurs {VVER} de technologie russe sur le site de Tianwan. Entre 1998 et 2003, le Premier Ministre Zhu Rongji n’autorise plus aucun nouveau projet.},
	urldate = {2022-11-03},
	date = {2019-04-19},
	langid = {french},
	file = {Snapshot:C\:\\Users\\Beaucour\\Zotero\\storage\\SCL5Q7MX\\le-nucleaire-de-demain-sera-chinois.html:text/html},
}

@online{noauthor_geoeconomie_nodate,
	title = {Géoéconomie des chaînes de valeur : les matières premières minérales de la filière batterie},
	url = {https://www.ifri.org/fr/publications/etudes-de-lifri/geoeconomie-chaines-de-matieres-premieres-minerales-de-filiere-batterie},
	shorttitle = {Géoéconomie des chaînes de valeur},
	abstract = {Les ressources minérales jouent un rôle essentiel dans la fabrication des technologies bas carbone et digitales. Leur déploiement accéléré et à grande échelle provoque un changement de paradigme géopolitique lié aux matières premières minérales.\&\#13;},
	urldate = {2022-11-09},
	langid = {french},
	keywords = {02\_Approvisionnement métaux},
	file = {Snapshot:C\:\\Users\\Beaucour\\Zotero\\storage\\ISJMFZVA\\geoeconomie-chaines-de-matieres-premieres-minerales-de-filiere-batterie.html:text/html},
}

@online{noauthor_metals_nodate,
	title = {Metals for Clean Energy},
	url = {https://eurometaux.eu/metals-clean-energy/?5},
	urldate = {2022-11-09},
	file = {Snapshot:C\:\\Users\\Beaucour\\Zotero\\storage\\8FI7SAFZ\\metals-clean-energy.html:text/html},
}

@book{directorate-general_for_internal_market_critical_2020,
	location = {{LU}},
	title = {Critical raw materials for strategic technologies and sectors in the {EU}: a foresight study},
	isbn = {978-92-76-15336-8},
	url = {https://data.europa.eu/doi/10.2873/58081},
	shorttitle = {Critical raw materials for strategic technologies and sectors in the {EU}},
	abstract = {This study looks at the supply chains of the nine technologies below used in the three strategic sectors renewable energy, e-mobility, defence and aerospace. It also attempts to provide a first answer, based on available knowledge and models, to where future challenges fie and how competition for resources may evolve.},
	publisher = {Publications Office of the European Union},
	author = {Directorate-General for Internal Market, Industry and Bobba, S. and Carrara, S. and Huisman, J. and Mathieux, F. and Pavel, C.},
	urldate = {2022-11-09},
	date = {2020},
}

@online{iea_critical_2022,
	title = {Critical Minerals Policy Tracker – Analysis},
	url = {https://www.iea.org/reports/critical-minerals-policy-tracker},
	abstract = {Critical Minerals Policy Tracker - Analysis and key findings. A report by the International Energy Agency.},
	titleaddon = {{IEA}},
	author = {{IEA}},
	date = {2022},
	keywords = {04\_Politiques\_sur\_les\_matériaux\_critiques},
	file = {Snapshot:C\:\\Users\\Beaucour\\Zotero\\storage\\BNEQKYB5\\critical-minerals-policy-tracker.html:text/html},
}

@online{noauthor_en_2022,
	title = {En Europe, la course au lithium, enjeu majeur de la transition énergétique},
	url = {https://www.france24.com/fr/%C3%A9co-tech/20221019-en-europe-la-course-au-lithium-enjeu-majeur-de-la-transition-%C3%A9nerg%C3%A9tique},
	abstract = {Alors que l'Union européenne souhaite généraliser l'usage de la voiture électrique d'ici 2035, les besoins en métaux indispensables pour la production des batteries, notamment le lithium, vont exploser.…},
	titleaddon = {France 24},
	urldate = {2022-11-16},
	date = {2022-10-19},
	langid = {french},
	note = {Section: eco/tech},
	keywords = {02\_Approvisionnement métaux},
	file = {Snapshot:C\:\\Users\\Beaucour\\Zotero\\storage\\JF6L8HQ6\\20221019-en-europe-la-course-au-lithium-enjeu-majeur-de-la-transition-énergétique.html:text/html},
}

@article{watari_sustainable_2021,
	title = {Sustainable energy transitions require enhanced resource governance},
	volume = {312},
	issn = {0959-6526},
	url = {https://www.sciencedirect.com/science/article/pii/S0959652621019168},
	doi = {10.1016/j.jclepro.2021.127698},
	abstract = {The global transition to fundamentally decarbonized electricity and transport systems will alter the existing resource flows of both fossil fuels and metals; however, such a transition may have unintended consequences. Here we show that the decarbonization of both the electricity and transport sectors will curtail fossil fuel production while paradoxically increasing resource extraction associated with metal production by more than a factor of 7 by 2050 relative to 2015 levels. Importantly, approximately 32–40\% of this increase in resource extraction is expected to occur in countries with weak, poor, and failing resource governance, indicating that the impending mining boom may result in severe environmental degradation and unequal economic benefits in local communities. A suite of circular economy strategies, including lifetime extension, servitization, and recycling, can mitigate such risks, but they may not fully offset the growth in resource extraction. Our findings underscore the importance of institutional instruments that enhance the resource governance of entire low-carbon technology supply chains, along with circular economy practices. In the absence of such actions, the decarbonization of electricity and transport sectors may pose an ethical conundrum in which global carbon emissions are reduced at the expense of an increase in socio-environmental risks at local mining sites.},
	pages = {127698},
	journaltitle = {Journal of Cleaner Production},
	shortjournal = {Journal of Cleaner Production},
	author = {Watari, Takuma and Nansai, Keisuke and Nakajima, Kenichi and Giurco, Damien},
	urldate = {2022-11-23},
	date = {2021-08-20},
	langid = {english},
	keywords = {00\_Intro, Carbon neutral, Climate change, Mining, Net zero, Responsible sourcing},
	file = {ScienceDirect Full Text PDF:C\:\\Users\\Beaucour\\Zotero\\storage\\DMQ32ZZ3\\Watari et al. - 2021 - Sustainable energy transitions require enhanced re.pdf:application/pdf;ScienceDirect Snapshot:C\:\\Users\\Beaucour\\Zotero\\storage\\ULPQPQHE\\S0959652621019168.html:text/html},
}

@report{brgm_fiche_2016,
	title = {Fiche de synthèse sur la criticité des métaux - Les Terres Rares},
	author = {{BRGM}},
	date = {2016},
	file = {fichecriticitedysprosium-publique160913.pdf:C\:\\Users\\Beaucour\\Zotero\\storage\\VCSAF465\\fichecriticitedysprosium-publique160913.pdf:application/pdf;fichecriticiteneodyme151201.pdf:C\:\\Users\\Beaucour\\Zotero\\storage\\98KEAR2W\\fichecriticiteneodyme151201.pdf:application/pdf},
}

@report{brgm_fiche_2016-1,
	title = {Fiche de synthèse sur la criticité des métaux - Le nickel},
	author = {{BRGM}},
	date = {2016},
	file = {fichecriticitenickel170129.pdf:C\:\\Users\\Beaucour\\Zotero\\storage\\PWJ45B3E\\fichecriticitenickel170129.pdf:application/pdf},
}

@report{brgm_fiche_2017,
	title = {Fiche de synthèse sur la criticité des métaux - Le lithium},
	author = {{BRGM}},
	date = {2017},
	file = {fichecriticitelithium180102.pdf:C\:\\Users\\Beaucour\\Zotero\\storage\\5V3W3PLH\\fichecriticitelithium180102.pdf:application/pdf},
}

@article{noauthor_indonesia_2022,
	title = {Indonesia considers Opec-style cartel for battery metals},
	journaltitle = {Financial Times},
	date = {2022-10-31},
	keywords = {02\_Approvisionnement métaux},
}

@article{osullivan_geopolitics_2017,
	title = {The Geopolitics of Renewable Energy},
	issn = {1556-5068},
	url = {https://www.ssrn.com/abstract=2998305},
	doi = {10.2139/ssrn.2998305},
	journaltitle = {{SSRN} Electronic Journal},
	shortjournal = {{SSRN} Journal},
	author = {O'Sullivan, Meghan and Overland, Indra and Sandalow, David},
	urldate = {2022-11-28},
	date = {2017},
	langid = {english},
	keywords = {01\_Risque dvp {ENR}, 02\_Approvisionnement métaux},
	file = {O'Sullivan et al. - 2017 - The Geopolitics of Renewable Energy.pdf:C\:\\Users\\Beaucour\\Zotero\\storage\\C7GAAHJ3\\O'Sullivan et al. - 2017 - The Geopolitics of Renewable Energy.pdf:application/pdf},
}

@article{dalmas_ressources_2014,
	title = {Ressources humaines et risque géopolitique. Un enjeu managérial majeur, un agenda de recherche à construire},
	volume = {8},
	issn = {2262-7030},
	url = {https://www.cairn.info/revue-questions-de-management-2014-4-page-37.htm},
	doi = {10.3917/qdm.144.0037},
	abstract = {Dans un contexte de mondialisation économique, les cas d’entreprises dont les salariés ou infrastructures sont confrontés aux risques géopolitiques se multiplient. Cette évolution est peu prise en compte dans le champ académique. Trop éclatées, se parlant peu, les disciplines porteuses d’éléments de compréhension, de gestion ou de résolution de ce phénomène sont insuffisamment mises en relation. Cet article est un travail exploratoire, destiné à montrer la nécessaire construction d’un agenda de recherche conciliant les travaux en géopolitique et sécurité internationale d’une part, et ceux en sciences de gestion (organisation et management en particulier) d’autre part. Il relève avant tout d’une méthode d’analyse de la littérature, agrémentée d’exemples empiriques démontrant l’actualité du sujet, et avance que le concept de {HRO} pourrait servir de point d’appui à l’approfondissement de la prise en compte de la confrontation des entreprises au risque géopolitique par les sciences de gestion.},
	pages = {37--49},
	number = {4},
	journaltitle = {Question(s) de management},
	shortjournal = {Question(s) de management},
	author = {Dalmas, Michel and Nivet, Bastien and Spach, Philippe},
	urldate = {2022-12-04},
	date = {2014},
	langid = {french},
	note = {Place: Caen
Publisher: {EMS} Editions},
	keywords = {Définition risque, expatriation, géopolitique, high reliabilityorganizations (hro), ressources humaines, risque, sécurité internationale},
	file = {Snapshot:C\:\\Users\\Beaucour\\Zotero\\storage\\8G5FA9K9\\revue-questions-de-management-2014-4-page-37.html:text/html},
}

@online{insee_definition_nodate,
	title = {Définition - Énergie primaire},
	url = {https://www.insee.fr/fr/metadonnees/definition/c1189},
	author = {{INSEE}},
	urldate = {2022-12-06},
	file = {Définition - Énergie primaire | Insee:C\:\\Users\\Beaucour\\Zotero\\storage\\7XDEK8EK\\c1189.html:text/html},
}

@article{wang_long-term_2020,
	title = {Long-term outlook for global rare earth production},
	volume = {65},
	issn = {0301-4207},
	url = {https://www.sciencedirect.com/science/article/pii/S030142071930193X},
	doi = {10.1016/j.resourpol.2019.101569},
	abstract = {Rare earths are increasingly important in modern industry. It is thus critical for both users and policy makers to understand the future production of rare earth resources. This paper presents a quantitative analysis of the long-term production of world rare earths using a flexible bell-shaped curve-fitting model. The results show that world rare earth production may increase for many decades. However, the production rate, which is key to understanding the balance between the supply and demand of rare earths, may differ sharply with variation in the value of ultimately recoverable reserves and the model's curve shape. Our highest projected for peak production and peak year are 1.28 Mt (rare earth oxide equivalent) and 2115 respectively, and our lowest projections suggest that production will peak at 0.4 Mt in 2118. Given the many potential constraints on production, this paper suggests that our lowest projection may best represent the actual production pathway. Finally, the paper suggests measures to deal with a potential imbalance between supply and demand from both the supply and the demand side.},
	pages = {101569},
	journaltitle = {Resources Policy},
	shortjournal = {Resources Policy},
	author = {Wang, Jianliang and Guo, Meiyu and Liu, Mingming and Wei, Xinqiang},
	urldate = {2022-12-06},
	date = {2020-03-01},
	langid = {english},
	keywords = {Curve-fitting model, Production forecast, Rare earths, Ultimate recoverable reserves},
	file = {ScienceDirect Snapshot:C\:\\Users\\Beaucour\\Zotero\\storage\\9E2NMTED\\S030142071930193X.html:text/html},
}

@online{brgm_marche_nodate,
	title = {Le marché des terres rares en 2022: filières d'approvisionnement en aimants permanents {\textbar} {MineralInfo}},
	url = {https://www.mineralinfo.fr/fr/ecomine/marche-des-terres-rares-2022-filieres-dapprovisionnement-aimants-permanents},
	shorttitle = {Le marché des terres rares en 2022},
	abstract = {L’analyse du marché des terres rares ({TR}) en 2022 fait apparaître deux tendances majeures : d’une part le renforcement de la stratégie chinoise d’omniprésence sur les chaînes de production, et l’émergence de certaines alternatives, notamment occidentales, pour se réapproprier une part de l’approvisionnement mondial de ces métaux, indispensables aux transitions énergétique et numérique.},
	author = {{BRGM}},
	urldate = {2022-12-06},
	langid = {french},
	keywords = {02\_Approvisionnement métaux, fiches\_métaux},
	file = {Snapshot:C\:\\Users\\Beaucour\\Zotero\\storage\\J6PVB9TQ\\marche-des-terres-rares-2022-filieres-dapprovisionnement-aimants-permanents.html:text/html},
}

@online{noauthor_net-zero_nodate,
	title = {Net-Zero Targets},
	url = {https://www.climatewatchdata.org/net-zero-tracker},
	abstract = {Explore which countries have submitted Net-zero document and click on a country to see more in-depth analysis of each Net Zero document.},
	titleaddon = {Climate Watch},
	urldate = {2022-12-15},
	file = {Snapshot:C\:\\Users\\Beaucour\\Zotero\\storage\\S2968GZI\\net-zero-tracker.html:text/html},
}

@article{gaillard_concept_2015,
	title = {Le concept de risque pays},
	volume = {Été},
	issn = {0032-342X},
	url = {https://www.cairn.info/revue-politique-etrangere-2015-2-page-161.htm},
	doi = {10.3917/pe.152.0161},
	abstract = {Comprendre la Russie d’aujourd’hui, c’est savoir qu’elle se définit d’abord dans l’action extérieure – ce qui peut être dangereux. Qu’elle a les moyens d’agir – énergie, armes… –, mais que ces moyens sont limités. Qu’elle connaît des difficultés économiques bien antérieures aux sanctions, que le régime se refuse à traiter… économiquement. Et que le raidissement du régime poutinien ne saurait garantir sa propre durée.
C’est autour de ces éléments de réflexion que s’organise le dossier de ce numéro de Politique étrangère, éléments fondamentaux pour identifier la nature même d’une Russie qui n’est ni le grand méchant loup, ni la douloureuse incomprise qu’on nous décrit ici ou là.
Ce même numéro s’interroge sur les chances de succès de la prochaine {COP} 21. Pourra-t-elle éviter de donner enfin son prix au carbone ? Et les pays du nord reconnaîtront-ils enfin leur responsabilité historique dans les émissions de gaz à effet de serre ? À ces seules conditions un accord général deviendrait possible, qui pourrait garantir le développement des pays du sud.
Cette livraison de Politique étrangère s’attache également aux multiples abcès d’un Sud en feu : Syrie, Irak, Soudan du Sud, Nigéria – toutes géographies où c’est l’idée même d’État, au sens de la pensée occidentale, qui semble remise en cause.},
	pages = {161--172},
	number = {2},
	journaltitle = {Politique étrangère},
	shortjournal = {Politique étrangère},
	author = {Gaillard, Norbert},
	urldate = {2022-12-10},
	date = {2015},
	langid = {french},
	note = {Place: Paris
Publisher: Institut français des relations internationales},
	keywords = {Finance, Firmes multinationales, Risque pays, Risque souverain},
	file = {Snapshot:C\:\\Users\\Beaucour\\Zotero\\storage\\TZJILN5V\\revue-politique-etrangere-2015-2-page-161.html:text/html},
}

@incollection{hartard_strategic_2015,
	location = {Cham},
	title = {Strategic Resources for Emerging Technologies},
	isbn = {978-3-319-10953-4 978-3-319-10954-1},
	url = {http://link.springer.com/10.1007/978-3-319-10954-1_18},
	pages = {259--272},
	booktitle = {Competition and Conflicts on Resource Use},
	publisher = {Springer International Publishing},
	author = {Zepf, Volker and Achzet, Benjamin and Reller, Armin},
	editor = {Hartard, Susanne and Liebert, Wolfgang},
	urldate = {2022-12-09},
	date = {2015},
	langid = {english},
	doi = {10.1007/978-3-319-10954-1_18},
	keywords = {00\_Intro},
	file = {Zepf et al. - 2015 - Strategic Resources for Emerging Technologies.pdf:C\:\\Users\\Beaucour\\Zotero\\storage\\2J94URAH\\Zepf et al. - 2015 - Strategic Resources for Emerging Technologies.pdf:application/pdf},
}

@online{climatewatch_greenhouse,
	title = {Greenhouse Gas ({GHG}) Emissions},
	url = {https://www.climatewatchdata.org/ghg-emissions?breakBy=sector&chartType=percentage},
	abstract = {Analyze and visualize latest available international greenhouse gas emissions data. Climate Watch lets you explore global emissions by sector, gases, countries, or regions.},
	titleaddon = {Climate Watch},
	urldate = {2022-12-08},
	keywords = {00\_Intro},
	file = {Snapshot:C\:\\Users\\Beaucour\\Zotero\\storage\\RZSVESHF\\ghg-emissions.html:text/html},
}

@online{noauthor_greenhouse_nodate,
	title = {Greenhouse Gas Emissions from Energy Data Explorer – Data Tools},
	url = {https://www.iea.org/data-and-statistics/data-tools/greenhouse-gas-emissions-from-energy-data-explorer},
	abstract = {Greenhouse Gas Emissions from Energy Data Explorer - Data tools. A data tool by the International Energy Agency.},
	titleaddon = {{IEA}},
	urldate = {2022-12-09},
	langid = {british},
	keywords = {00\_Intro},
	file = {Snapshot:C\:\\Users\\Beaucour\\Zotero\\storage\\AKLKX6NE\\greenhouse-gas-emissions-from-energy-data-explorer.html:text/html},
}

@article{oreskes_scientific_2004,
	title = {The Scientific Consensus on Climate Change},
	volume = {306},
	url = {https://www.science.org/doi/10.1126/science.1103618},
	doi = {10.1126/science.1103618},
	pages = {1686--1686},
	number = {5702},
	journaltitle = {Science},
	author = {Oreskes, Naomi},
	urldate = {2022-12-08},
	date = {2004-12-03},
	note = {Publisher: American Association for the Advancement of Science},
	keywords = {00\_Intro},
	file = {Full Text PDF:C\:\\Users\\Beaucour\\Zotero\\storage\\9HJXHTJ4\\Oreskes - 2004 - The Scientific Consensus on Climate Change.pdf:application/pdf},
}

@report{brgm_ressources_2022,
	title = {Ressources Minérales - Les terres rares},
	author = {{BRGM}},
	date = {2022},
	keywords = {fiches\_métaux},
	file = {2022-07_dossier-enjeux-terres-rares.pdf:C\:\\Users\\Beaucour\\Zotero\\storage\\S4YBV6P3\\2022-07_dossier-enjeux-terres-rares.pdf:application/pdf},
}

@online{solvay_rochelle_2022,
	title = {La Rochelle},
	url = {https://www.solvay.fr/implantations/la-rochelle},
	abstract = {Solvay La Rochelle possède une expertise reconnue dans la séparation et purification des terres rares et la fabrication de produits de haute technologie.},
	titleaddon = {Solvay France},
	author = {{Solvay}},
	urldate = {2022-12-16},
	date = {2022},
	langid = {french},
	keywords = {fiches\_métaux},
	file = {Snapshot:C\:\\Users\\Beaucour\\Zotero\\storage\\7SLJY6YP\\la-rochelle.html:text/html},
}

@article{hatayama_adopting_2018,
	title = {Adopting an objective approach to criticality assessment: Learning from the past},
	volume = {55},
	issn = {0301-4207},
	url = {https://www.sciencedirect.com/science/article/pii/S0301420717302672},
	doi = {10.1016/j.resourpol.2017.11.002},
	shorttitle = {Adopting an objective approach to criticality assessment},
	abstract = {Criticality assessment has been widely used in considering resource securement strategies. However, the selection and aggregation of the various risk factors remain a major challenge because these largely depend on subjective judgment by the evaluator. Therefore, it is necessary to introduce an objective perspective, which would develop criticality assessment as a more practical decision-making tool in combination with past subjective approaches. As a first attempt at an objective approach, this study conducted a case-based analysis of 448 supply disruption events for 22 metals. The results indicate 19 categories of causation of disruption, in which accidents, strikes, a fall in metal prices, natural disasters, and policy disputes are dominant. The analyses also reveal the differences in influential risk component between metals and supplier countries. For example, a fall in the metal price has more impact on developed supplier countries than developing countries. The knowledge gained from this case-based approach is useful in highlighting the risk components that have been overlooked in past assessments, in quantifying the integrated risk considering the relative importance of risk components, and in exploring strategies for criticality mitigation.},
	pages = {96--102},
	journaltitle = {Resources Policy},
	shortjournal = {Resources Policy},
	author = {Hatayama, Hiroki and Tahara, Kiyotaka},
	urldate = {2022-12-16},
	date = {2018-03-01},
	langid = {english},
	keywords = {02\_Approvisionnement métaux, Case-based analysis, Criticality, fiches\_métaux, Multicriteria decision-making process, Supply risk},
	file = {ScienceDirect Full Text PDF:C\:\\Users\\Beaucour\\Zotero\\storage\\N4DMFN8S\\Hatayama et Tahara - 2018 - Adopting an objective approach to criticality asse.pdf:application/pdf;ScienceDirect Snapshot:C\:\\Users\\Beaucour\\Zotero\\storage\\M6ISBIDA\\S0301420717302672.html:text/html},
}

@online{noauthor_lexploitation_2021,
	title = {L’exploitation de nos ressources en lithium, une opportunité industrielle majeure pour la France {\textbar} Connaissances des énergies},
	url = {https://www.connaissancedesenergies.org/tribune-actualite-energies/lexploitation-de-nos-ressources-en-lithium-une-opportunite-industrielle-majeure-pour-la-france},
	abstract = {Le lithium est un composant essentiel des batteries, dans la plupart des technologies adoptées : les batteries lithium-ion sont aujourd’hui les plus utilisées et les batteries lithium-fer-phosphate ({LFP}) ou lithium nickel-manganèse cobalt ({NMC}) contiennent aussi du lithium.},
	urldate = {2022-12-16},
	date = {2021-06-29},
	langid = {french},
	file = {Snapshot:C\:\\Users\\Beaucour\\Zotero\\storage\\XAKFIXVE\\lexploitation-de-nos-ressources-en-lithium-une-opportunite-industrielle-majeure-pour-la-france.html:text/html},
}

@online{amt_lhydrogene_nodate,
	title = {L’hydrogène, source d’énergie du futur :« Une étape de grande révolution industrielle »},
	url = {https://allemagneenfrance.diplo.de/fr-fr/actualites-nouvelles-d-allemagne/05-Developpementdurable/-/2548040},
	shorttitle = {L’hydrogène, source d’énergie du futur},
	abstract = {Afin de s’informer sur différents projets concernant l’hydrogène, le chancelier fédéral Olaf Scholz a visité le parc industriel de Höchst. Le gouvernement fédéral promeut l’utilisation de l’hydrogène pour affranchir l’Allemagne de l’approvisionnement en combustibles fossiles.},
	author = {Amt, Auswärtiges},
	urldate = {2022-12-17},
	langid = {french},
	file = {Snapshot:C\:\\Users\\Beaucour\\Zotero\\storage\\35PV3DPY\\2548040.html:text/html},
}

@article{mansson_resource_2015,
	title = {A resource curse for renewables? Conflict and cooperation in the renewable energy sector},
	volume = {10},
	issn = {2214-6296},
	url = {https://www.sciencedirect.com/science/article/pii/S2214629615000791},
	doi = {10.1016/j.erss.2015.06.008},
	shorttitle = {A resource curse for renewables?},
	abstract = {Previous studies have shown that fossil energy systems can be a conflict objective, means or cause. This study explores how renewable energy ({RE}) systems can interact with conflicts and to what extent the risk of different conflicts may change. Renewable resources, in contrast to conventional fossil resources, are more difficult to control in time and space. {RE} systems depend on exploiting flows rather than extracting stocks, are geographically more evenly distributed, and the energy density is lower. As a consequence, economic and geopolitical incentives for states to engage in conflicts to secure or control {RE} resources are low. However, increased competition for land increases the risk of local conflicts that involve non-state actors, since it can reduce actor's ecological space. Distribution and use of {RE} can be designed to have a low risk of interacting with conflicts, but the success of this depends on the technologies implemented and other sustainability policies. Increased dependence on control systems used to manage variable electricity production increase exposure to cyber threats while as small-scale distributed generation reduce incentives to attack the system since such systems are less sensitive to attacks.},
	pages = {1--9},
	journaltitle = {Energy Research \& Social Science},
	shortjournal = {Energy Research \& Social Science},
	author = {Månsson, André},
	urldate = {2022-12-18},
	date = {2015-11-01},
	langid = {english},
	keywords = {01\_Risque dvp {ENR}, Conflict, Energy security, Renewable energy, Security},
	file = {ScienceDirect Full Text PDF:C\:\\Users\\Beaucour\\Zotero\\storage\\ILYH2PQ7\\Månsson - 2015 - A resource curse for renewables Conflict and coop.pdf:application/pdf;ScienceDirect Snapshot:C\:\\Users\\Beaucour\\Zotero\\storage\\3MD6I9FM\\S2214629615000791.html:text/html},
}

@article{leonard_resource_2022,
	title = {The resource curse in renewable energy: A framework for risk assessment},
	volume = {41},
	issn = {2211-467X},
	url = {https://www.sciencedirect.com/science/article/pii/S2211467X22000402},
	doi = {10.1016/j.esr.2022.100841},
	shorttitle = {The resource curse in renewable energy},
	abstract = {Renewable energy development can enable climate-compatible growth in low- and middle-income countries, particularly given the substantial opportunities for energy export to high-income countries seeking to decarbonise their energy systems. However, this also comes with significant risks, including the potential to trigger a resource curse of adverse social, environmental, and economic effects resulting in paradoxically slowed growth. Here, we propose a novel framework to assess potential risks associated with renewable energy development in low- and middle-income countries rooted in the resource curse literature. Eighteen symptoms of the resource curse are evaluated in terms of relevance to renewable energy, and their potential risks and benefits during renewable energy development are established. We find that context-specific factors are key in determining whether resource developments will provoke adverse impacts or positive opportunities; so, preemptive context-specific risk assessment is needed to implement prevention and mitigation strategies. For example, while fossil fuel development has been seen in some circumstances to increase dependence on external capital and technology, where adequate education and financing strategies are implemented, it can instead enhance autonomy and development. Similar risks can apply to renewable energy development, and must be evaluated. The proposed resource curse risk assessment framework can be applied to individual contexts to help countries, companies, sectors, or projects maximise the positive outcomes of renewable energy development and avoid a renewable energy resource curse.},
	pages = {100841},
	journaltitle = {Energy Strategy Reviews},
	shortjournal = {Energy Strategy Reviews},
	author = {Leonard, Alycia and Ahsan, Aniq and Charbonnier, Flora and Hirmer, Stephanie},
	urldate = {2022-12-18},
	date = {2022-05-01},
	langid = {english},
	keywords = {01\_Risque dvp {ENR}, Decarbonisation, Green energy transition, {LMICs}, Renewable energy export, Resource curse framework},
	file = {ScienceDirect Full Text PDF:C\:\\Users\\Beaucour\\Zotero\\storage\\VFNGEDIK\\Leonard et al. - 2022 - The resource curse in renewable energy A framewor.pdf:application/pdf;ScienceDirect Snapshot:C\:\\Users\\Beaucour\\Zotero\\storage\\LMFRVKBJ\\S2211467X22000402.html:text/html},
}

@article{dahou_appropriations_2013,
	title = {Appropriations et conflits autour des régimes d’accès aux ressources renouvelables},
	rights = {All rights reserved},
	issn = {1777-537X},
	url = {https://journals.openedition.org/etudesrurales/9877},
	doi = {10.4000/etudesrurales.9877},
	abstract = {Les modes d’accès aux ressources naturelles, qui prennent forme dans la globalisation des normes et des droits, se caractérisent par une diversité de modèles et de pratiques. Les stratégies d’appropriation contemporaines semblent s’adapter, de manière labile, aussi bien aux tendances de marchandisation de la nature qu’à leur pendant conservationniste [Dahou et Ould Cheikh 2007 ; Chouquer 2011]. Ce constat est d’autant plus vrai pour les ressources renouvelables, dont la valorisation s’accompa...},
	pages = {9--23},
	number = {192},
	journaltitle = {Études rurales},
	author = {Dahou, Tarik and Elloumi, Mohamed and Molle, François},
	urldate = {2022-12-18},
	date = {2013-02-25},
	langid = {french},
	note = {Number: 192
Publisher: {EHESS}},
	keywords = {01\_Risque dvp {ENR}},
	file = {Full Text PDF:C\:\\Users\\Beaucour\\Zotero\\storage\\H5C7TVBJ\\Dahou et al. - 2013 - Appropriations et conflits autour des régimes d’ac.pdf:application/pdf},
}

@article{sovacool_major_2018,
	title = {Major hydropower states, sustainable development, and energy security: Insights from a preliminary cross-comparative assessment},
	volume = {142},
	issn = {0360-5442},
	url = {https://www.sciencedirect.com/science/article/pii/S0360544217315761},
	doi = {10.1016/j.energy.2017.09.085},
	shorttitle = {Major hydropower states, sustainable development, and energy security},
	abstract = {Hydropower remains, by a wide margin, the largest source of renewable electricity around the world, and hydropower dams supply a greater source of commercial energy than the world's fleet of nuclear power plants. Yet far less attention has been paid to the political, security, and governance elements underlying the continued use and growth of hydropower. Theorists from many disciplines—political geography, security studies, development studies, economics, public policy, and governance—have questioned both the proper role and ostensible benefits from the generation of electricity from large-scale hydroelectric dams, but have tended to approach the problem on a case-by-case basis. In this study, we provide the first systematic, cross-comparative assessment of five hypotheses about global hydropower states, using World Bank data from 1980 to 2010 and a research design which incorporates five reference classes of countries. Based on regression and comparative country analyses, we find tentative statistical evidence that hydropower countries do seem to perform worse on a series of security, economic development, and governance metrics.},
	pages = {1074--1082},
	journaltitle = {Energy},
	shortjournal = {Energy},
	author = {Sovacool, Benjamin K. and Walter, Götz},
	urldate = {2022-12-18},
	date = {2018-01-01},
	langid = {english},
	keywords = {01\_Risque dvp {ENR}, Energy security, Hydroelectric dams, Hydropower, Resource curse, Water wars},
	file = {ScienceDirect Full Text PDF:C\:\\Users\\Beaucour\\Zotero\\storage\\PFHW764G\\Sovacool et Walter - 2018 - Major hydropower states, sustainable development, .pdf:application/pdf;ScienceDirect Snapshot:C\:\\Users\\Beaucour\\Zotero\\storage\\5I4YWUQE\\S0360544217315761.html:text/html},
}

@article{overland_are_2022,
	title = {Are renewable energy sources more evenly distributed than fossil fuels?},
	volume = {200},
	issn = {0960-1481},
	url = {https://www.sciencedirect.com/science/article/pii/S0960148122013969},
	doi = {10.1016/j.renene.2022.09.046},
	abstract = {The energy transition literature assumes that renewable energy sources are more evenly distributed globally than fossil fuels. This assumption implies that the shift from fossil fuels to renewables will enable more countries to pursue energy self-sufficiency and end their dependence on imported energy. However, if the assumption is wrong, the energy transition will depend on transboundary electricity or hydrogen trade, creating new international relationships and opportunities for both cooperation and conflict. The contribution of this study is to test the assumption of the even distribution of renewable energy resources on a quantitative empirical basis. Lorenz curves are compared and Gini coefficients calculated for three types of fossil fuels and three types of renewable energy in 161 countries. The study concludes that renewable energy indeed more evenly distributed than fossil fuels. This finding lends support to claims that energy transition will bring about a more decentralized global energy system centered on prosumer countries with few long-distance energy relationships. However, the difference between the evenness of the distribution of renewable energy resources and that of fossil fuel reserves is not as great as the literature assumes. International trade in energy, and by extension international energy politics, will not disappear entirely.},
	pages = {379--386},
	journaltitle = {Renewable Energy},
	shortjournal = {Renewable Energy},
	author = {Overland, Indra and Juraev, Javlon and Vakulchuk, Roman},
	urldate = {2022-12-18},
	date = {2022-11-01},
	langid = {english},
	keywords = {01\_Risque dvp {ENR}, Distribution, Fossil fuels, Geopolitics, Gini coefficient, Lorenz curve, Renewable energy},
	file = {ScienceDirect Full Text PDF:C\:\\Users\\Beaucour\\Zotero\\storage\\SBRMN8MM\\Overland et al. - 2022 - Are renewable energy sources more evenly distribut.pdf:application/pdf;ScienceDirect Snapshot:C\:\\Users\\Beaucour\\Zotero\\storage\\7VIJT72R\\S0960148122013969.html:text/html},
}

@article{paltsev_complicated_2016,
	title = {The complicated geopolitics of renewable energy},
	volume = {72},
	issn = {0096-3402},
	url = {https://doi.org/10.1080/00963402.2016.1240476},
	doi = {10.1080/00963402.2016.1240476},
	abstract = {A recent {UN} climate agreement has the potential to shift global energy consumption from a mix dominated by fossil fuels to one driven by low-carbon technologies. It is clear that if this happens, fossil-fuel-producing countries will have to adjust their economies to reflect lower export earnings from oil, coal, and natural gas. The rise of renewable energy may also create new centers of geopolitical power. As renewable resources become widely distributed, supply-side geopolitics are expected to be less influential than in the fossil-fuel era. Instead of focusing on just two major resources, oil and natural gas, low-carbon energy geopolitics may depend on many additional factors, such as access to technology, power lines, rare earth materials, patents, storage, and dispatch, not to mention unpredictable government policies. Despite uncertainty, there is no question that the balance of power in energy geopolitics is shifting from fossil-fuel owners to countries that are developing low-carbon solutions.},
	pages = {390--395},
	number = {6},
	journaltitle = {Bulletin of the Atomic Scientists},
	author = {Paltsev, Sergey},
	urldate = {2022-12-18},
	date = {2016-11-01},
	note = {Publisher: Routledge
\_eprint: https://doi.org/10.1080/00963402.2016.1240476},
	keywords = {01\_Risque dvp {ENR}, Energy geopolitics, fossil fuels, low-carbon energy, nuclear power, renewable energy, solar power, wind power},
	file = {Full Text PDF:C\:\\Users\\Beaucour\\Zotero\\storage\\QTZRYIFF\\Paltsev - 2016 - The complicated geopolitics of renewable energy.pdf:application/pdf},
}

@article{escribano_frances_res_2013,
	title = {{RES} and risk: Renewable energy's contribution to energy security. A portfolio-based approach},
	volume = {26},
	issn = {1364-0321},
	url = {https://www.sciencedirect.com/science/article/pii/S1364032113003924},
	doi = {10.1016/j.rser.2013.06.015},
	shorttitle = {{RES} and risk},
	abstract = {During the first decade of the 21st century, renewable energy sources ({RES}) had been gaining momentum due to environmental issues. Concerns about pollution and climate change have raised public awareness, encouraging governments to adopt policies to preserve and protect the environment. Regarding energy, {RES} promotion, together with energy efficiency measures, has been the main policy response to address such concerns. As a consequence, {RES} development during the first decade of the 21st century has been remarkable. Although {RES} deployment has been mainly focused on achieving environmental goals, its potential contribution to energy security went not unnoticed. However, it is worth noting that while the trade-off between environmental goals – and the use of {RES} to accomplish them – and competitiveness has been widely explored, the relationship between energy security and {RES} has received less attention, both at the conceptual and energy policy levels. This article tries to address such a relationship. The present article focuses on renewable electricity imports as illustrated by the case of the Mediterranean Solar Plan. After introducing the energy security/energy risk concept and its dimensions, the article focuses on the contribution of {RES} in terms of security of supply for a given energy mix using the portfolio theory. Most of the analyses of the interactions between {RES} and energy security focus on the national level, with {RES} being mainly conceived as a substitute for fuel imports to produce electricity and reduce so-called energy dependence. However, new transmission technologies allow the import of electricity directly from neighbouring countries far out of the range of regular electricity lines. Therefore, this article tries to broaden the analysis of energy security to international {RES} trade flows, applying the previous discussion to the main project involving significant international green electricity trade, the Mediterranean Solar Plan.},
	pages = {549--559},
	journaltitle = {Renewable and Sustainable Energy Reviews},
	shortjournal = {Renewable and Sustainable Energy Reviews},
	author = {Escribano Francés, Gonzalo and Marín-Quemada, José María and San Martín González, Enrique},
	urldate = {2022-12-18},
	date = {2013-10-01},
	langid = {english},
	keywords = {01\_Risque dvp {ENR}, Energy risk, Energy security of supply, Mediterranean Solar Plan, Portfolio choice, Renewable energy},
	file = {ScienceDirect Full Text PDF:C\:\\Users\\Beaucour\\Zotero\\storage\\WSEQL8SZ\\Escribano Francés et al. - 2013 - RES and risk Renewable energy's contribution to e.pdf:application/pdf;ScienceDirect Snapshot:C\:\\Users\\Beaucour\\Zotero\\storage\\GSUFLU35\\S1364032113003924.html:text/html},
}

@article{fischhendler_geopolitics_2016,
	title = {The geopolitics of cross-border electricity grids: The Israeli-Arab case},
	volume = {98},
	issn = {0301-4215},
	url = {https://www.sciencedirect.com/science/article/pii/S0301421516304797},
	doi = {10.1016/j.enpol.2016.09.012},
	shorttitle = {The geopolitics of cross-border electricity grids},
	abstract = {Countries often attempt to establish regional electricity grids. However, whereas research on natural resources frequently seeks to understand policy outcome through a geopolitical prism, when it comes to electricity studies the prism is always economic or technical. Hence, this study is a first attempt to identify the geopolitical dimension of cross-border electricity grids. The study argues that success in establishing electricity grids requires identifying how the geopolitical dimension interplays with the physical dimension. To examine the role of these geopolitical bottlenecks, the study examines negotiation protocols, spanning over 15 years, on establishing ten grid connections between Israel and its Arab neighbors. It finds that electricity geopolitics has been used both as a platform for deeper international cooperation and as a stick against neighboring states. When policies are driven by a peace dividend, proposals for grid connection appear to evolve and overcome the dependency and the security-economy bottlenecks. When relations deteriorate, proposals for grid connections appear to undergo reconsideration and to be held hostage by higher politics. If, when and how electricity grids materialize is a function of the nature of the electricity network as a twofold package and of the ability of the planning process to accommodate geopolitical uncertainty.},
	pages = {533--543},
	journaltitle = {Energy Policy},
	shortjournal = {Energy Policy},
	author = {Fischhendler, Itay and Herman, Lior and Anderman, Jaya},
	urldate = {2022-12-18},
	date = {2016-11-01},
	langid = {english},
	keywords = {01\_Risque dvp {ENR}, Electricity grids, Geopolitics, Israeli-Arab conflict},
	file = {ScienceDirect Full Text PDF:C\:\\Users\\Beaucour\\Zotero\\storage\\HTX7XQ79\\Fischhendler et al. - 2016 - The geopolitics of cross-border electricity grids.pdf:application/pdf;ScienceDirect Snapshot:C\:\\Users\\Beaucour\\Zotero\\storage\\DDSW995J\\S0301421516304797.html:text/html},
}

@article{valentine_emerging_2011,
	title = {Emerging symbiosis: Renewable energy and energy security},
	volume = {15},
	issn = {1364-0321},
	url = {https://www.sciencedirect.com/science/article/pii/S1364032111003406},
	doi = {10.1016/j.rser.2011.07.095},
	shorttitle = {Emerging symbiosis},
	abstract = {This article reviews the evolution of “energy security” as a concept guiding strategic energy planning and demonstrates how fossil fuel technologies which once enjoyed a symbiotic relationship with energy security no longer contribute to the goals of enhanced energy security. Conversely, renewable energy technologies now fulfill many of the objectives that modern energy security enhancement initiatives aim to achieve. The article concludes that the existing fragmented structure of the renewable energy technology sector places the sector at a financial disadvantage when trying to break the technological lock that fossil fuel technologies have on energy provision and argues for a unified effort aimed at fostering improved public understanding of alternative technology capabilities and mustering political support for a transition away from fossil fuel technologies. Failure to unify may lead to nuclear power or fossil fuel combustion and carbon capture and sequestration becoming entrenched as the preferred near-term approach to {CO}2 abatement.},
	pages = {4572--4578},
	number = {9},
	journaltitle = {Renewable and Sustainable Energy Reviews},
	shortjournal = {Renewable and Sustainable Energy Reviews},
	author = {Valentine, Scott Victor},
	urldate = {2022-12-18},
	date = {2011-12-01},
	langid = {english},
	keywords = {01\_Risque dvp {ENR}, Energy security, Fossil fuels, Renewable energy, Technological lock},
	file = {ScienceDirect Full Text PDF:C\:\\Users\\Beaucour\\Zotero\\storage\\6SUZGE3U\\Valentine - 2011 - Emerging symbiosis Renewable energy and energy se.pdf:application/pdf;ScienceDirect Snapshot:C\:\\Users\\Beaucour\\Zotero\\storage\\3YF7969C\\S1364032111003406.html:text/html},
}

@article{lilliestam_energy_2011,
	title = {Energy security and renewable electricity trade—Will Desertec make Europe vulnerable to the “energy weapon”?},
	volume = {39},
	issn = {0301-4215},
	url = {https://www.sciencedirect.com/science/article/pii/S0301421511002151},
	doi = {10.1016/j.enpol.2011.03.035},
	abstract = {Solar power imports to Europe from the deserts of North Africa, as foreseen in the Desertec concept, is one possible way to help decarbonising the European power sector by 2050. However, this approach raises questions of threats to European energy security in such an import scenario, particularly in the light of increasing import dependency and Russia's use of the “energy weapon” in recent years. In this paper we investigate the threat of North African countries using the Desertec electricity exports as an “energy weapon”. We develop and use a new model to assess the interdependence – the bargaining power symmetry, operationalised as costs – of a disruption in a future renewable electricity trade between North Africa and Europe. If Europe maintains current capacity buffers, some demand-response capability and does not import much more than what is described in the Desertec scenario, it is susceptible to extortion and political pressure only if all five exporter countries unite in using the energy weapon. Europe is not vulnerable to extortion by an export cut from only one country, as the European capacity buffers are sufficient to restore the power supply: no single exporter country would have sustained bargaining power over Europe.},
	pages = {3380--3391},
	number = {6},
	journaltitle = {Energy Policy},
	shortjournal = {Energy Policy},
	author = {Lilliestam, Johan and Ellenbeck, Saskia},
	urldate = {2022-12-18},
	date = {2011-06-01},
	langid = {english},
	keywords = {01\_Risque dvp {ENR}, Desertec, Energy security, Interdependence},
	file = {ScienceDirect Full Text PDF:C\:\\Users\\Beaucour\\Zotero\\storage\\4QU3QTKE\\Lilliestam et Ellenbeck - 2011 - Energy security and renewable electricity trade—Wi.pdf:application/pdf;ScienceDirect Snapshot:C\:\\Users\\Beaucour\\Zotero\\storage\\TA8R2X7N\\S0301421511002151.html:text/html},
}

@report{noauthor_jogmec_2021,
	title = {{JOGMEC} Integrated Report},
	url = {https://www.jogmec.go.jp/content/300374576.pdf},
	institution = {{JOGMEC}},
	urldate = {2023-01-13},
	date = {2021},
	keywords = {04\_Politiques\_sur\_les\_matériaux\_critiques},
	file = {300374576.pdf:C\:\\Users\\Beaucour\\Zotero\\storage\\2FTR2WDM\\300374576.pdf:application/pdf},
}

@article{capellan-perez_assessing_2017,
	title = {Assessing vulnerabilities and limits in the transition to renewable energies: Land requirements under 100\% solar energy scenarios},
	volume = {77},
	doi = {10.1016/j.rser.2017.03.137},
	shorttitle = {Assessing vulnerabilities and limits in the transition to renewable energies},
	abstract = {The transition to renewable energies will intensify the global competition for land. Nevertheless, most analyses to date have concluded that land will not pose significant constraints on this transition. Here, we estimate the land-use requirements to supply all currently consumed electricity and final energy with domestic solar energy for 40 countries considering two key issues that are usually not taken into account: (1) the need to cope with the variability of the solar resource, and (2) the real land occupation of solar technologies. We focus on solar since it has the highest power density and biophysical potential among renewables. The exercise performed shows that for many advanced capitalist economies the land requirements to cover their current electricity consumption would be substantial, the situation being especially challenging for those located in northern latitudes with high population densities and high electricity consumption per capita. Assessing the implications in terms of land availability (i.e., land not already used for human activities), the list of vulnerable countries enlarges substantially (the {EU}-27 requiring around 50\% of its available land), few advanced capitalist economies requiring low shares of the estimated available land. Replication of the exercise to explore the land-use requirements associated with a transition to a 100\% solar powered economy indicates this transition may be physically unfeasible for countries such as Japan and most of the {EU}-27 member states. Their vulnerability is aggravated when accounting for the electricity and final energy footprint, i.e., the net embodied energy in international trade. If current dynamics continue, emerging countries such as India might reach a similar situation in the future. Overall, our results indicate that the transition to renewable energies maintaining the current levels of energy consumption has the potential to create new vulnerabilities and/or reinforce existing ones in terms of energy and food security and biodiversity conservation.},
	pages = {760--782},
	journaltitle = {Renewable and Sustainable Energy Reviews},
	shortjournal = {Renewable and Sustainable Energy Reviews},
	author = {Capellán-Pérez, Iñigo and Castro, Carlos and Arto, Iñaki},
	date = {2017-09-01},
	keywords = {01\_Risque dvp {ENR}},
	file = {Full Text PDF:C\:\\Users\\Beaucour\\Zotero\\storage\\T2EJYSJ4\\Capellán-Pérez et al. - 2017 - Assessing vulnerabilities and limits in the transi.pdf:application/pdf},
}

@article{raman_fossilizing_2013,
	title = {Fossilizing Renewable Energies},
	volume = {22},
	issn = {0950-5431},
	url = {https://doi.org/10.1080/09505431.2013.786998},
	doi = {10.1080/09505431.2013.786998},
	pages = {172--180},
	number = {2},
	journaltitle = {Science as Culture},
	author = {Raman, Sujatha},
	urldate = {2023-01-12},
	date = {2013-06-01},
	note = {Publisher: Routledge
\_eprint: https://doi.org/10.1080/09505431.2013.786998},
	keywords = {01\_Risque dvp {ENR}, geopolitics, mining, rare earths, renewable energy transition, sociotechnical systems, soft energy path},
}

@report{iea_energy_2023,
	title = {Energy Technology Perspectives},
	url = {https://www.iea.org/topics/energy-technology-perspectives},
	author = {{IEA}},
	date = {2023},
	file = {Cc - 2023 - Energy Technology Perspectives 2023.pdf:C\:\\Users\\Beaucour\\Zotero\\storage\\8NEKEFKV\\Cc - 2023 - Energy Technology Perspectives 2023.pdf:application/pdf},
}

@book{geldron_lepuisement_2017,
	title = {L’épuisement des métaux et minéraux : faut- il s’inquiéter ?},
	shorttitle = {L'É{PUISEMENT} {DES} {MÉTAUX} {ET} {MINÉRAUX}},
	abstract = {Face aux impacts de la consommation croissante, le possible épuisement des minéraux et métaux constitue un élément fréquent, parmi d'autres, pour insister sur la nécessité de produire plus avec moins. La réponse à cette question de disponibilité est moins évidente qu'il n'y paraît. Notre connaissance des gisements minéraux reste limitée à une partie superficielle de la croûte terrestre. La notion de réserves ne correspond qu'à un horizon technico-économique et temporel des acteurs miniers. Nul ne sait dire avec une certaine fiabilité quels sont les ressources ultimes dans la partie supérieure de la croûte terrestre. Cependant les nouveaux gisements seront plus difficiles à trouver, nécessiteront plus d'investissement, leur exploitation nécessitera plus d'énergie et ils laisseront plus de résidus pour une même tonne de métal produite. La croissance exponentielle de la demande risque d'être supérieure au rythme de la croissance des capacités d'exploitation. En conséquence des pénuries sur certaines matières minérales pourraient survenir dans un avenir proche (10 ans). Dans une croissance continue de la demande à 2 ou 3\% le recyclage ne pourra pas répondre à cet accroissement et restera à moins de 20\% des approvisionnements nécessaires. Par ailleurs les conséquences environnementales locales de l'exploitation de ces gisements en limiteront l'acceptabilité sociale si elles ne sont pas totalement maîtrisées. En outre l'augmentation des consommations énergétiques de ce secteur risque de rentrer en confrontation avec la lutte contre le changement climatique. Ce n'est probablement pas l'épuisement des métaux et minéraux qui est à craindre mais très certainement la fin de l'extraction et de la disponibilité faciles.},
	publisher = {{ADEME}},
	author = {Geldron, Alain},
	date = {2017-06-01},
	keywords = {02\_Approvisionnement métaux, Criticité},
	file = {Full Text PDF:C\:\\Users\\Beaucour\\Zotero\\storage\\HTMVKH39\\Geldron - 2017 - L'ÉPUISEMENT DES MÉTAUX ET MINÉRAUX  FAUT-IL S'IN.pdf:application/pdf},
}

@article{sachs_natural_1996,
	title = {Natural Resource Abundance and Economic Growth},
	doi = {10.3386/w5398},
	abstract = {One of the surprising features of modern economic growth is that economies with abundant natural resources have tended to grow less rapidly than natural-resource-scarce economies. In this paper we show that economies with a high ratio of natural resource exports to {GDP} in 1971 (the base year) tended to have low growth rates during the subsequent period 1971-89. This negative relationship holds true even after controlling for variables found to be important for economic growth, such as initial per capita income, trade policy, government efficiency, investment rates, and other variables. We explore the possible pathways for this negative relationship by studying the cross-country effects of resource endowments on trade policy, bureaucratic efficiency, and other determinants of growth. We also provide a simple theoretical model of endogenous growth that might help to explain the observed negative relationship.},
	author = {Sachs, Jeffrey and Warner, Andrew},
	date = {1996-01-01},
	keywords = {01\_Risque dvp {ENR}},
	file = {Full Text PDF:C\:\\Users\\Beaucour\\Zotero\\storage\\6ZWLWC2Z\\Sachs et Warner - 1996 - Natural Resource Abundance and Economic Growth.pdf:application/pdf},
}

@article{iea_future_2018,
	title = {The Future of Petrochemicals},
	author = {{IEA}},
	date = {2018},
	langid = {english},
	keywords = {02\_Approvisionnement métaux},
	file = {The Future of Petrochemicals.pdf:C\:\\Users\\Beaucour\\Zotero\\storage\\QB2F97MP\\The Future of Petrochemicals.pdf:application/pdf},
}

@online{hache_metaux_2022,
	title = {Métaux stratégiques : et si les pays producteurs se regroupaient en cartel du type {OPEP} ?},
	url = {http://theconversation.com/metaux-strategiques-et-si-les-pays-producteurs-se-regroupaient-en-cartel-du-type-opep-194749},
	shorttitle = {Métaux stratégiques},
	abstract = {La proposition formulée récemment par l’Indonésie pourrait notamment se heurter à l’hétérogénéité des politiques de production des pays producteurs et à la place des acteurs étrangers.},
	titleaddon = {The Conversation},
	author = {Hache, Emmanuel and Bucciarelli, Pauline and Mignon, Valérie},
	urldate = {2023-01-09},
	date = {2022},
	langid = {english},
	keywords = {02\_Approvisionnement métaux},
	file = {Snapshot:C\:\\Users\\Beaucour\\Zotero\\storage\\527FJ2CR\\metaux-strategiques-et-si-les-pays-producteurs-se-regroupaient-en-cartel-du-type-opep-194749.html:text/html},
}

@article{sun_tracing_2017,
	title = {Tracing global lithium flow: A trade-linked material flow analysis},
	volume = {124},
	issn = {0921-3449},
	url = {https://www.sciencedirect.com/science/article/pii/S0921344917301118},
	doi = {10.1016/j.resconrec.2017.04.012},
	shorttitle = {Tracing global lithium flow},
	abstract = {Lithium is an indispensable ingredient for the next-generation clean technologies. With the aim of identifying opportunities to improve lithium resource efficiency, this study establishes a trade-linked material flow analysis framework to analyze the lithium flow both along its life cycle on the national level and international trade on the global level. The results indicate that global lithium production reached 171kt lithium carbonate equivalent in 2014. Chile, Australia and China played the leading roles in lithium commodity production. 75\% of lithium-ion batteries are used for consumer electronics. From the international trade perspective, the trade of lithium commodities existed commonly all around the world. The major origins of lithium minerals and chemicals were Chile, Australia and Argentina. China was the major destination of lithium minerals and chemicals. Lithium carbonate, ores, and lithium concentrate were the three dominating trade commodities, altogether accounting for 67\% of total trade volume. This study implies high necessity of establishing domestic lithium recycling system and international cooperation between trade partners in lithium waste management.},
	pages = {50--61},
	journaltitle = {Resources, Conservation and Recycling},
	shortjournal = {Resources, Conservation and Recycling},
	author = {Sun, Xin and Hao, Han and Zhao, Fuquan and Liu, Zongwei},
	urldate = {2023-01-15},
	date = {2017-09-01},
	langid = {english},
	keywords = {International trade, Lithium, Material flow analysis},
	file = {ScienceDirect Full Text PDF:C\:\\Users\\Beaucour\\Zotero\\storage\\CCXCY6GW\\Sun et al. - 2017 - Tracing global lithium flow A trade-linked materi.pdf:application/pdf;ScienceDirect Snapshot:C\:\\Users\\Beaucour\\Zotero\\storage\\SHHL8F9R\\S0921344917301118.html:text/html},
}

@article{shiquan_security_2022,
	title = {The security of critical mineral supply chains},
	issn = {2191-2211},
	url = {https://doi.org/10.1007/s13563-022-00340-4},
	doi = {10.1007/s13563-022-00340-4},
	abstract = {Critical minerals are the cornerstone of the new round of the industrial revolution. The global division of labor established under the traditional technology, industry, and trade systems is facing a significant restructuring. Global economic and technological changes will lead to a long-term increase in demand for critical minerals. The critical minerals supply chain is rife with political interference and distorted trade practices compared to the robust resource demand. It faces several challenges that threaten the sustainability of the supply chain. We analyze the evolving security connotation of critical minerals supply chains. We also provide an overview of research on quantifying risks of critical minerals from two aspects: security evaluation mechanism and global value chain. The interdisciplinary research techniques and methods are more adapted to the new trends of international competition in critical minerals. The article reviews relevant security risk identification and response research in critical minerals supply chains. It analyzes how to address the risk challenges from national strategies. Finally, the article explores new trends under new technological revolution and industrial change.},
	journaltitle = {Mineral Economics},
	shortjournal = {Miner Econ},
	author = {Shiquan, Dou and Deyi, Xu},
	urldate = {2023-01-15},
	date = {2022-08-25},
	langid = {english},
	keywords = {02\_Approvisionnement métaux, Critical minerals, Interdisciplinary, Supply chain, Supply security},
	file = {Full Text PDF:C\:\\Users\\Beaucour\\Zotero\\storage\\XLZY7G7V\\Shiquan et Deyi - 2022 - The security of critical mineral supply chains.pdf:application/pdf},
}

@article{garrett-peltier_green_2017,
	title = {Green versus brown: Comparing the employment impacts of energy efficiency, renewable energy, and fossil fuels using an input-output model},
	volume = {61},
	issn = {0264-9993},
	url = {https://www.sciencedirect.com/science/article/pii/S026499931630709X},
	doi = {10.1016/j.econmod.2016.11.012},
	shorttitle = {Green versus brown},
	abstract = {Global carbon emissions have reached unsustainable levels, and transforming the energy sector by increasing efficiency and use of renewables is one of the primary strategies to reduce emissions. Policy makers need to understand both the environmental and economic impacts of fiscal and regulatory policies regarding the energy sector. Transitioning to lower-carbon energy will entail a contraction of the fossil fuel sector, along with a loss of jobs. An important question is whether clean energy will create more jobs than will be lost in fossil fuels. This article presents a method of using Input-Output (I-O) tables to create “synthetic” industries – namely clean energy industries that do not currently exist in I-O tables. This approach allows researchers to evaluate public and private spending in clean energy and compare it to the effects of spending on fossil fuels. Here we focus on employment impacts in the short-to-medium term, and leave aside the long-term comparison of operations and maintenance employment. We find that on average, 2.65 full-time-equivalent ({FTE}) jobs are created from \$1 million spending in fossil fuels, while that same amount of spending would create 7.49 or 7.72 {FTE} jobs in renewables or energy efficiency. Thus each \$1 million shifted from brown to green energy will create a net increase of 5 jobs.},
	pages = {439--447},
	journaltitle = {Economic Modelling},
	shortjournal = {Economic Modelling},
	author = {Garrett-Peltier, Heidi},
	urldate = {2023-01-15},
	date = {2017-02-01},
	langid = {english},
	keywords = {01\_Risque dvp {ENR}, C67, D57, Employment multipliers, Energy efficiency, Fiscal policy, Fossil Fuels, Input-output, J20, Q42, Q43, Q56, Renewable energy},
	file = {ScienceDirect Full Text PDF:C\:\\Users\\Beaucour\\Zotero\\storage\\IRNC92Q5\\Garrett-Peltier - 2017 - Green versus brown Comparing the employment impac.pdf:application/pdf;ScienceDirect Snapshot:C\:\\Users\\Beaucour\\Zotero\\storage\\U8DGQQX2\\S026499931630709X.html:text/html},
}

@article{hondo_employment_2017,
	title = {Employment creation potential of renewable power generation technologies: A life cycle approach},
	volume = {79},
	issn = {1364-0321},
	url = {https://www.sciencedirect.com/science/article/pii/S1364032117306676},
	doi = {10.1016/j.rser.2017.05.039},
	shorttitle = {Employment creation potential of renewable power generation technologies},
	abstract = {The present study analyses the employment characteristics of nine different renewable power generation technologies: two types of solar photovoltaic, wind, small-scale hydro, geothermal, wood biomass and three types of biogas. The analysis uses a Renewable Energy-Focused Input-Output model that the authors developed to analyse life cycle environmental and socio-economic impacts of renewable power generation technologies and policies. The analysis reveals that there are distinctive differences among the nine technologies’ impacts on employment. The total employment creation potential over the life cycle is estimated to be in the range of 1.04–5.04 person-years per {GWh}. Furthermore, the nine technologies have unique features regarding how many and what kinds of jobs are created across the whole life cycle; the introduction of these technologies into an economy directly and indirectly induces jobs in different industrial sectors reflecting their technological characteristics. On the other hand, the nine different technologies have a common employment effect in that they create relatively high employment opportunities in the service sectors such as wholesale trade, non-life insurance, and judicial, financial and accounting services. The present study reveals quantitative employment characteristics of the different types of renewable power generation technology to provide valuable information for renewable energy policy making.},
	pages = {128--136},
	journaltitle = {Renewable and Sustainable Energy Reviews},
	shortjournal = {Renewable and Sustainable Energy Reviews},
	author = {Hondo, Hiroki and Moriizumi, Yue},
	urldate = {2023-01-15},
	date = {2017-11-01},
	langid = {english},
	keywords = {01\_Risque dvp {ENR}, Energy policy, Input-output analysis, Job creation, Life cycle analysis, Renewable energy, Sustainability},
	file = {ScienceDirect Full Text PDF:C\:\\Users\\Beaucour\\Zotero\\storage\\VZRYB2J9\\Hondo et Moriizumi - 2017 - Employment creation potential of renewable power g.pdf:application/pdf;ScienceDirect Snapshot:C\:\\Users\\Beaucour\\Zotero\\storage\\6NVSQFLT\\S1364032117306676.html:text/html},
}

@incollection{ovadia_angola_2018,
	location = {Cham},
	title = {Angola: Civil Society Actors and Petroleum Management},
	isbn = {978-3-319-60627-9},
	url = {https://doi.org/10.1007/978-3-319-60627-9_3},
	shorttitle = {Angola},
	abstract = {Angola has enjoyed few development benefits from its petroleum resources. This chapter describes how the ruling party’s periodic clampdowns on civil society and increasingly heavy-handed tactics serve to limit the autonomy of many actors to influence public debate. As a result, both reformist and confrontational strategies are unlikely to have a significant impact on the government’s management of petroleum resources. An important aspect of the situation in Angola is the polarization of society and the country’s decades of civil war, driven in part by external powers using different Angolan political-military blocs as proxies. In that regard, there are similarities with the polarization of several Latin American oil- and gas-producing states, but the role of external political influence and the level of violence have probably been greater in Angola. Angola also resembles the post-Soviet states in that there is a relatively diverse and active civil society, but some of the main civil society actors have been created, promoted or co-opted by the state.},
	pages = {41--54},
	booktitle = {Public Brainpower: Civil Society and Natural Resource Management},
	publisher = {Springer International Publishing},
	author = {Ovadia, Jesse Salah},
	editor = {Overland, Indra},
	urldate = {2023-01-15},
	date = {2018},
	langid = {english},
	doi = {10.1007/978-3-319-60627-9_3},
	keywords = {01\_Risque dvp {ENR}, Angola, Authoritarianism, Civil society, Co-optation, {DemocracyPolarization}, Foreign agents, Gas, Natural resources, Oil, Petroleum governance, Resource curse},
}

@online{barichella_cybersecurite_nodate,
	title = {Cybersécurité des infrastructures énergétiques : regards croisés Europe/États-Unis},
	url = {https://www.ifri.org/fr/publications/etudes-de-lifri/cybersecurite-infrastructures-energetiques-regards-croises-europeetats},
	shorttitle = {Cybersécurité des infrastructures énergétiques},
	abstract = {L’accélération de la numérisation des infrastructures énergétiques apporte de nombreux bénéfices économiques, notamment en termes de rationalisation de la consommation d’énergie avec des gains d’efficacité. Néanmoins, cela a aussi pour conséquence d’augmenter les risques de cyberattaques, où...},
	author = {Barichella, Arnault},
	urldate = {2023-01-15},
	langid = {french},
	keywords = {01\_Risque dvp {ENR}},
	file = {Snapshot:C\:\\Users\\Beaucour\\Zotero\\storage\\QAPZ29CT\\cybersecurite-infrastructures-energetiques-regards-croises-europeetats.html:text/html},
}

@article{afp_cyberattaque_2016,
	title = {Une cyberattaque a provoqué une coupure d'électricité en Ukraine, une première dans le monde},
	url = {https://www.lexpress.fr/monde/une-cyberattaque-a-provoque-une-coupure-d-electricite-en-ukraine-une-premiere-dans-le-monde_1750841.html},
	abstract = {Kiev - Un piratage informatique visant le réseau électrique ukrainien a provoqué une importante coupure d'électricité dans l'ouest de l'Ukraine fin décembre, ont indiqué mardi à l'{AFP} la société de sécurité informatique {ESET} et plusieurs sources locales.},
	journaltitle = {L'Express},
	author = {{AFP}},
	urldate = {2023-01-15},
	date = {2016-01-05},
	langid = {french},
	note = {Section: Monde},
	keywords = {01\_Risque dvp {ENR}},
	file = {Snapshot:C\:\\Users\\Beaucour\\Zotero\\storage\\XAHSZTNF\\une-cyberattaque-a-provoque-une-coupure-d-electricite-en-ukraine-une-premiere-dans-le-monde_175.html:text/html},
}

@article{noauthor_global_nodate,
	title = {Global Supply Chains of {EV} Batteries},
	langid = {english},
	file = {Global Supply Chains of EV Batteries.pdf:C\:\\Users\\Beaucour\\Zotero\\storage\\PXW5ZS2C\\Global Supply Chains of EV Batteries.pdf:application/pdf},
}

@book{international_energy_agency_securing_2022,
	title = {Securing Clean Energy Technology Supply Chains},
	isbn = {978-92-64-95325-3},
	url = {https://www.oecd-ilibrary.org/energy/securing-clean-energy-technology-supply-chains_be931bdc-en},
	publisher = {{OECD}},
	author = {{International Energy Agency}},
	urldate = {2023-01-15},
	date = {2022-08-26},
	langid = {english},
	doi = {10.1787/be931bdc-en},
	file = {International Energy Agency - 2022 - Securing Clean Energy Technology Supply Chains.pdf:C\:\\Users\\Beaucour\\Zotero\\storage\\X6DNFV4A\\International Energy Agency - 2022 - Securing Clean Energy Technology Supply Chains.pdf:application/pdf},
}

@online{commission_europeenne_twin_nodate,
	title = {The twin green \& digital transition: How sustainable digital technologies could enable a carbon-neutral {EU} by 2050},
	url = {https://joint-research-centre.ec.europa.eu/jrc-news/twin-green-digital-transition-how-sustainable-digital-technologies-could-enable-carbon-neutral-eu-2022-06-29_en},
	shorttitle = {The twin green \& digital transition},
	abstract = {A {JRC} report published today sheds light on the key requirements that can make or break the {EU}’s green and digital transitions.},
	author = {Commission européenne},
	urldate = {2023-01-15},
	langid = {english},
	keywords = {01\_Risque dvp {ENR}},
	file = {Snapshot:C\:\\Users\\Beaucour\\Zotero\\storage\\NXFVJ2VF\\twin-green-digital-transition-how-sustainable-digital-technologies-could-enable-carbon-neutral-.html:text/html},
}

@online{iea_digitalization_2017,
	title = {Digitalization and Energy – Analysis},
	url = {https://www.iea.org/reports/digitalisation-and-energy},
	abstract = {Digitalisation and Energy - Analysis and key findings. A report by the International Energy Agency.},
	titleaddon = {{IEA}},
	author = {{IEA}},
	urldate = {2023-01-15},
	date = {2017},
	langid = {british},
	keywords = {01\_Risque dvp {ENR}},
	file = {Snapshot:C\:\\Users\\Beaucour\\Zotero\\storage\\Y62WDMUB\\digitalisation-and-energy.html:text/html},
}

@online{unep_digitalisation_2021,
	title = {Digitalisation \& Energy},
	url = {http://www.unep.org/explore-topics/energy/what-we-do/digitalisation-energy},
	abstract = {The energy sector urgently needs to decarbonize and provide wider accessibility for the millions of people that still lack electricity, particularly in low-income communities. Digital technologies can provide benefits for climate and power system resilience and ensure energy is delivered at the lowest possible price.

Digitalization is key to integrating renewables into electricity systems, improving the reliability of power grids and reducing the cost of access to electricity, therefore contributing to a more just and equitable energy transition. Digitalization offers an opportunity to leverage existing data to put sustainable energy where it needs to be. The theoretical benefits are well understood. However, there is a need for concrete pilots to quantify the impacts of policies aiming at digitalizing demand and identify technical and behavioural bottlenecks.

Why is smarter digital infrastructure important?

Digitalization consists of three main elements:


	Increasing the availability of an exhaustive dataset and connectivity that allows the exchange of large amounts of information.
	Facilitating data analytics to extract useful information.
	Promoting data-driven decision making that can be further supported by advanced controls and automation.


Advanced applications of the digitalization process may unlock several opportunities for the energy sector:


	Enhanced system operation with advanced measurement and monitoring systems.
	Enhanced forecasts and predictive maintenance.
	Demand-side opportunities.
	Alleviating cyber security concerns.


The project at a glance 

Following up on the 2019 Climate Action Summit, the Italian Ministry of Ecological Transition – together with the International Energy Agency ({IEA}) in collaboration with the United Nations Environment Programme ({UNEP}) – launched an initiative to step up global climate action and uptake of clean energy models, known as Digital Demand-Driven Electricity Networks Initiative (3DEN), at the Pre-{COP} 26 in Milan, September 2021.

3DEN aims to support countries to accelerate progress on power system modernization and effective utilization of distributed energy resources through policy, regulation, technology and investment guidance.

The project will bring together diverse stakeholders to foster dialogue and share experiences. These stakeholders include the International Smart Grids Action Network, the Clean Energy Ministerial, Mission Innovation and the User-Centred Energy Systems, Energy in Buildings and Communities and Energy Efficient End-Use Equipment Technology Collaboration Programmes.

A staged approach 

Phase I: Call for pilot projects

{UNEP} launched a competitive open call for proposals for pilot projects to support one or more pilot projects in Brazil, Colombia, Morocco, Tunisia, India, Indonesia, and South Africa. Pilot projects will showcase innovative business and regulatory model proposals for smarter digital power infrastructure uptake.

Phase {II}: Implementation of projects in the geographical areas of interests

At least three pilot projects will be realized to facilitate progress on the Sustainable Development Goals ({SDGs}), and test new approaches for enhanced system operation, forecasts and predictive maintenance, as well as demand-side opportunities.

Phase {III}: Awareness raising and communication campaign

A campaign to promote the lessons learnt and share results from pilot projects will be launched jointly with the International Energy Agency ({IEA}). The campaign will help inspire the scalability and replicability of 3DEN’s experience in key regions like Latin America, Africa and {ASEAN}.

What will the project contribute to?


	The stimulus and economic recovery dimension of power system modernization and increased use of demand-side resources.
	Mapping in emerging economies/regions: identifying policy context, key stakeholders, priorities, power system challenges and opportunities, ongoing initiatives and pilots, state of access to technologies, deployment and use.
	Mapping of case studies and pilot projects across the globe: implementing new approaches to scale up the use of demand-side resources and flexibility.
	Screening and tracking of technological progress for smart grids and demand side resources.
	Business model analysis, including classification and context analysis, and review of digitalization and demand-side resources case studies.
	Creating a project primer for policymakers: identifying current and future dynamics and changes towards decarbonized, resilient, and smart power systems.


To learn more about 3DEN: 

Read the regularly updated Frequently Asked Questions and/or download the framework document to learn more about the call for proposals.

Project focal points are Myriem Touhami and Carolina Merighi.

Click here to visit {IEA}'s 3DEN website.},
	titleaddon = {{UNEP} - {UN} Environment Programme},
	author = {{UNEP}},
	urldate = {2023-01-15},
	date = {2021-09-15},
	langid = {english},
	keywords = {01\_Risque dvp {ENR}},
	file = {Snapshot:C\:\\Users\\Beaucour\\Zotero\\storage\\86KTE96Z\\digitalisation-energy.html:text/html},
}

@article{cour_des_comptes_soutien_2018,
	title = {Le soutien aux énergies renouvelables},
	url = {https://www.ccomptes.fr/sites/default/files/2018-04/20180418-rapport-soutien-energies-renouvelables.pdf},
	author = {{Cour des Comptes}},
	urldate = {2023-01-15},
	date = {2018},
	keywords = {03\_industrie},
	file = {20180418-rapport-soutien-energies-renouvelables.pdf:C\:\\Users\\Beaucour\\Zotero\\storage\\Z5CQ67ND\\20180418-rapport-soutien-energies-renouvelables.pdf:application/pdf},
}

@article{european_commission_critical_2020,
	title = {Critical Raw Materials Resilience: Charting a Path towards greater Security and Sustainability},
	url = {https://eur-lex.europa.eu/legal-content/EN/TXT/PDF/?uri=CELEX:52020DC0474&from=EN},
	author = {{European Commission}},
	urldate = {2023-01-15},
	date = {2020},
	keywords = {04\_Politiques\_sur\_les\_matériaux\_critiques},
	file = {PDF.pdf:C\:\\Users\\Beaucour\\Zotero\\storage\\8L7T3EGD\\PDF.pdf:application/pdf},
}

@online{eba_building_nodate,
	title = {Building a European battery industry - European Battery Alliance},
	url = {https://www.eba250.com/},
	author = {{EBA}},
	urldate = {2023-01-15},
	keywords = {04\_Politiques\_sur\_les\_matériaux\_critiques},
	file = {Building a European battery industry - European Battery Alliance:C\:\\Users\\Beaucour\\Zotero\\storage\\KSV9VCUC\\www.eba250.com.html:text/html},
}

@online{legifrance_decret_2011,
	title = {Décret n° 2011-100 du 24 janvier 2011 portant création du comité pour les métaux stratégiques ({COMES}) - Légifrance},
	url = {https://www.legifrance.gouv.fr/loda/id/JORFTEXT000023474859/2017-07-12/},
	author = {{Légifrance}},
	urldate = {2023-01-15},
	date = {2011},
	keywords = {04\_Politiques\_sur\_les\_matériaux\_critiques},
	file = {Décret n° 2011-100 du 24 janvier 2011 portant création du comité pour les métaux stratégiques (COMES) - Légifrance:C\:\\Users\\Beaucour\\Zotero\\storage\\7VCJVK2D\\2017-07-12.html:text/html},
}

@article{us_government_inflation_2022,
	title = {Inflation Reduction Act},
	url = {https://www.govinfo.gov/content/pkg/BILLS-117hr5376enr/pdf/BILLS-117hr5376enr.pdf},
	author = {{US Government}},
	urldate = {2023-01-15},
	date = {2022},
	file = {BILLS-117hr5376enr.pdf:C\:\\Users\\Beaucour\\Zotero\\storage\\W23JSAI3\\BILLS-117hr5376enr.pdf:application/pdf},
}

@article{zetter_inside_2016,
	title = {Inside the Cunning, Unprecedented Hack of Ukraine's Power Grid},
	issn = {1059-1028},
	url = {https://www.wired.com/2016/03/inside-cunning-unprecedented-hack-ukraines-power-grid/},
	abstract = {The hack on Ukraine's power grid was a first-of-its-kind attack that sets an ominous precedent for the security of power grids everywhere.},
	journaltitle = {Wired},
	author = {Zetter, Kim},
	urldate = {2023-01-16},
	date = {2016},
	langid = {american},
	note = {Section: tags},
	keywords = {01\_Risque dvp {ENR}, critical infrastructure, hacks, threat level, ukraine},
	file = {Snapshot:C\:\\Users\\Beaucour\\Zotero\\storage\\R2IRT5Q8\\inside-cunning-unprecedented-hack-ukraines-power-grid.html:text/html},
}

@jurisdiction{noauthor_souverainete_2023,
	title = {Souveraineté et indépendance énergétique de la France : M. Bruno Bensasson, Président directeur-général de {EDF} Renouvelables - Jeudi 12 janvier 2023},
	url = {http://videos.assemblee-nationale.fr/video.12711173_63bfcdd99d53a.souverainete-et-independance-energetique-de-la-france--m-bruno-bensasson-president-directeur-gene-12-janvier-2023},
	shorttitle = {Souveraineté et indépendance énergétique de la France},
	abstract = {– Audition, ouverte à la presse, de M. Bruno Bensasson, Président directeur-général de {EDF} Renouvelables},
	urldate = {2023-01-17},
	date = {2023},
	langid = {french},
	file = {Snapshot:C\:\\Users\\Beaucour\\Zotero\\storage\\HVFNYA4N\\video.12711173_63bfcdd99d53a.html:text/html},
}

@article{totalenergies_energie_2012,
	title = {Energie solaire : Total et {SunPower} démarrent une nouvelle usine de panneaux solaires en France},
	url = {https://totalenergies.com/fr/medias/actualite/communiques/energie-solaire-total-et-sunpower-demarrent-une-nouvelle-usine-de-panneaux-solaires-en-france},
	shorttitle = {Energie solaire},
	abstract = {De Vernejoul, le 24 mai 2012 - Total et sa filiale {SunPower}1 ({NASDAQ} : {SPWR}), un des leaders mondiaux de l'industrie solaire, annoncent la mise en service d'une usine de fabrication et d'assemblage de…},
	journaltitle = {{TotalEnergies}.com},
	author = {{TotalEnergies}},
	urldate = {2023-01-17},
	date = {2012},
	langid = {french},
	file = {Snapshot:C\:\\Users\\Beaucour\\Zotero\\storage\\WDLAJC35\\energie-solaire-total-et-sunpower-demarrent-une-nouvelle-usine-de-panneaux-solaires-en-france.html:text/html},
}

@online{photowatt_photowatt_2022,
	title = {Photowatt : pionnier de l’industrie solaire et depuis 40 ans},
	url = {https://www.photowatt.com/fr/presentation-photowatt/},
	shorttitle = {Photowatt},
	abstract = {Photowatt est un leader dans la production bas carbone de lingots, wafers et modules photovoltaïques.},
	titleaddon = {Photowatt},
	author = {{Photowatt}},
	urldate = {2023-01-17},
	date = {2022},
	langid = {french},
	file = {Snapshot:C\:\\Users\\Beaucour\\Zotero\\storage\\G3WXC859\\presentation-photowatt.html:text/html},
}

@article{bp_statistical_2022,
	title = {Statistical Review of World Energy 2022},
	author = {{BP}},
	date = {2022},
	langid = {english},
	keywords = {02\_Approvisionnement métaux},
	file = {2022 - Statistical Review of World Energy 2022.pdf:C\:\\Users\\Beaucour\\Zotero\\storage\\QR7PJKGB\\2022 - Statistical Review of World Energy 2022.pdf:application/pdf},
}

@book{iea_special_2022,
	title = {Special Report on Solar {PV} Global Supply Chains},
	isbn = {978-92-64-91059-1},
	url = {https://www.oecd-ilibrary.org/energy/special-report-on-solar-pv-global-supply-chains_9e8b0121-en},
	publisher = {{OECD}},
	author = {{IEA}},
	urldate = {2023-01-17},
	date = {2022},
	langid = {english},
	doi = {10.1787/9e8b0121-en},
	file = {International Energy Agency - 2022 - Special Report on Solar PV Global Supply Chains.pdf:C\:\\Users\\Beaucour\\Zotero\\storage\\DETJIQ8Z\\International Energy Agency - 2022 - Special Report on Solar PV Global Supply Chains.pdf:application/pdf},
}

@report{iea_energy_2020,
	title = {Energy Technology Perspectives},
	url = {https://iea.blob.core.windows.net/assets/7f8aed40-89af-4348-be19-c8a67df0b9ea/Energy_Technology_Perspectives_2020_PDF.pdf},
	author = {{IEA}},
	date = {2020},
	langid = {english},
	file = {2020 - Energy Technology Perspectives 2020.pdf:C\:\\Users\\Beaucour\\Zotero\\storage\\FYVKKB5K\\2020 - Energy Technology Perspectives 2020.pdf:application/pdf},
}

@online{world_bank_wgi_nodate,
	title = {{WGI} 2022 Interactive {\textgreater} Home},
	url = {http://info.worldbank.org/governance/wgi/},
	author = {World Bank},
	urldate = {2023-01-19},
	file = {WGI 2022 Interactive > Home:C\:\\Users\\Beaucour\\Zotero\\storage\\M2RP5WMX\\wgi.html:text/html},
}

@online{noauthor_fichecriticitenickel170129pdf_nodate,
	title = {fichecriticitenickel170129.pdf},
	url = {https://www.mineralinfo.fr/sites/default/files/documents/2020-12/fichecriticitenickel170129.pdf},
	urldate = {2022-11-27},
	file = {fichecriticitenickel170129.pdf:C\:\\Users\\Beaucour\\Zotero\\storage\\FFTPTGZQ\\fichecriticitenickel170129.pdf:application/pdf},
}

@online{brgm_matrice_2020,
	title = {La matrice de criticité mise à jour à fin 2020 est disponible sur Minéralinfo {\textbar} {MineralInfo}},
	url = {https://www.mineralinfo.fr/fr/actualite/actualite/matrice-de-criticite-mise-jour-fin-2020-est-disponible-sur-mineralinfo},
	abstract = {Sous la conduite du comité des métaux stratégiques ({COMES}), le {BRGM} élabore des fiches de criticité des métaux présentées selon un format-type regroupant 10 facteurs, au nombre de 34 à fin 2020. En 2019, un nouveau format de fiches de criticité, portant principalement sur la forme, a été validé et sera pris en compte pour chaque nouvelle fiche et mise à jour.},
	author = {{BRGM}},
	urldate = {2023-01-20},
	date = {2020},
	langid = {french},
	file = {Snapshot:C\:\\Users\\Beaucour\\Zotero\\storage\\9HMNP7ZH\\matrice-de-criticite-mise-jour-fin-2020-est-disponible-sur-mineralinfo.html:text/html},
}

@online{us_government_united_2021,
	title = {United Arab Emirates and Hydrogen},
	url = {https://www.trade.gov/market-intelligence/united-arab-emirates-and-hydrogen},
	abstract = {The {UAE} is planning to develop a hydrogen industry ecosphere, and this may create new opportunities for U.S. companies.},
	author = {{US Government}},
	urldate = {2023-01-20},
	date = {2021},
	langid = {english},
	file = {Snapshot:C\:\\Users\\Beaucour\\Zotero\\storage\\EWIYAAL4\\united-arab-emirates-and-hydrogen.html:text/html},
}

@online{australian_government_growing_2022,
	title = {Growing Australia's hydrogen industry - {DCCEEW}},
	url = {https://www.dcceew.gov.au/energy/hydrogen},
	author = {{Australian Government}},
	urldate = {2023-01-20},
	date = {2022},
	file = {Growing Australia's hydrogen industry - DCCEEW:C\:\\Users\\Beaucour\\Zotero\\storage\\MSF7JW9B\\hydrogen.html:text/html},
}

@online{us_government_chile_2021,
	title = {Chile Energy Green Hydrogen},
	url = {https://www.trade.gov/market-intelligence/chile-energy-green-hydrogen},
	abstract = {Chile released a national strategy to develop green hydrogen to become a leading low-cost exporter by 2040.},
	author = {{US Government}},
	urldate = {2023-01-20},
	date = {2021},
	langid = {english},
	file = {Snapshot:C\:\\Users\\Beaucour\\Zotero\\storage\\YSLPHL8K\\chile-energy-green-hydrogen.html:text/html},
}

@article{bloomberg_masdar_2023,
	title = {Masdar Signs Agreement to Explore Exporting Green Hydrogen from Abu Dhabi to Europe},
	url = {https://www.bloomberg.com/press-releases/2023-01-13/masdar-signs-agreement-to-explore-exporting-green-hydrogen-from-abu-dhabi-to-europe},
	journaltitle = {Bloomberg.com},
	author = {{Bloomberg}},
	urldate = {2023-01-20},
	date = {2023-01-13},
	langid = {english},
	keywords = {business},
	file = {Snapshot:C\:\\Users\\Beaucour\\Zotero\\storage\\U3W8VCC8\\masdar-signs-agreement-to-explore-exporting-green-hydrogen-from-abu-dhabi-to-europe.html:text/html},
}

@article{bloomberg_morocco_2022,
	title = {Morocco Eyes Huge Hydrogen Projects For Export to Europe},
	url = {https://www.bloomberg.com/news/articles/2022-12-06/morocco-eyes-huge-hydrogen-projects-for-export-to-europe},
	abstract = {Morocco is considering partnering with Gautam Adani — Asia’s richest person — on a large-scale hydrogen project amid a renewable energy push to meet demand at home and in Europe.},
	journaltitle = {Bloomberg.com},
	author = {{Bloomberg}},
	urldate = {2023-01-20},
	date = {2022-12-06},
	langid = {english},
	keywords = {Africa, Asia, Energy Development, Europe, Fossil Fuel, Free Trade, Gautam Shantilal Adani, Leila Benali, markets, Morocco, Renewable Energy},
	file = {Snapshot:C\:\\Users\\Beaucour\\Zotero\\storage\\5LKGA5SS\\morocco-eyes-huge-hydrogen-projects-for-export-to-europe.html:text/html},
}

@book{world_energy_council_importations_2021,
	edition = {Revue de l'énergie},
	title = {Importations d’hydrogène décarboné dans l’Union européenne : défis et opportunités},
	url = {https://www.larevuedelenergie.com/wp-content/uploads/2021/11/Revue-Energie-Hors-serie-Octobre-2021.pdf},
	author = {{World Energy Council}},
	urldate = {2023-01-20},
	date = {2021},
	file = {Revue-Energie-Hors-serie-Octobre-2021.pdf:C\:\\Users\\Beaucour\\Zotero\\storage\\C77KZCBR\\Revue-Energie-Hors-serie-Octobre-2021.pdf:application/pdf},
}

@report{rte_futurs_2022,
	title = {Futurs énergétiques 2020 - L'Europe},
	author = {{RTE}},
	date = {2022},
	file = {FE2050 _Rapport complet_6_0.pdf:C\:\\Users\\Beaucour\\Zotero\\storage\\L7F55FTN\\FE2050 _Rapport complet_6_0.pdf:application/pdf},
}

@online{westinghouse_electric_company_helping_2022,
	title = {Helping Finland to Secure Its Energy Future},
	url = {https://info.westinghousenuclear.com/news/helping-finland-secure-energy-future},
	abstract = {Westinghouse Electric Company and Fortum recently signed a long-term partnership to develop, license and deliver {VVER}-440 fuel to the Loviisa Nuclear Power Plant in Finland to guarantee a dependable Western alternative to Russian-supplied fuel.},
	author = {{Westinghouse Electric Company}},
	urldate = {2023-01-20},
	date = {2022},
	langid = {english},
	file = {Snapshot:C\:\\Users\\Beaucour\\Zotero\\storage\\ARFTECWV\\helping-finland-secure-energy-future.html:text/html},
}

@report{meyer_les_2021,
	title = {Les stratégies nucléaires civiles de la Chine, des États-Unis et de la Russie},
	url = {https://www.iris-france.org/wp-content/uploads/2020/12/OSFME-Rapport-5-VF-avec-biographie.pdf},
	institution = {{IRIS} - Institut de relations internationales et stratégiques},
	type = {Other},
	author = {Meyer, Teva and Copinschi, Philippe and Laboué, Pierre},
	urldate = {2022-10-05},
	date = {2021},
	keywords = {03 - Construction et Exploitation},
	file = {HAL Snapshot:C\:\\Users\\Beaucour\\Zotero\\storage\\BWY56ACN\\hal-03257435.html:text/html;Meyer et al. - 2021 - Les stratégies nucléaires civiles de la Chine, des.pdf:C\:\\Users\\Beaucour\\Zotero\\storage\\IF8GPVDF\\Meyer et al. - 2021 - Les stratégies nucléaires civiles de la Chine, des.pdf:application/pdf},
}

@article{strangio_indonesia_2022,
	title = {Indonesia to Appeal {WTO} Ruling on Nickel Export Ban},
	url = {https://thediplomat.com/2022/12/indonesia-to-appeal-wto-ruling-on-nickel-export-ban/},
	abstract = {“If we are scared of being sued, and we step back, we will not be a developed country,” said Indonesia’s President Joko Widodo.},
	author = {Strangio, Sebastian},
	urldate = {2023-01-20},
	date = {2022},
	langid = {american},
	file = {Snapshot:C\:\\Users\\Beaucour\\Zotero\\storage\\IITCTKZT\\indonesia-to-appeal-wto-ruling-on-nickel-export-ban.html:text/html},
}

@article{faujas_matieres_2014,
	title = {Matières premières : les « terres rares » resteront chinoises},
	url = {https://www.lemonde.fr/chine/article/2014/03/29/matieres-premieres-les-terres-rares-resteront-chinoises_4391918_1667009.html},
	shorttitle = {Matières premières},
	abstract = {{CHRONIQUE}. Comme on s’y attendait, l’{OMC} a donné raison, mercredi 26 mars, aux Etats-Unis, au Japon et à l’Union européenne, qui accusaient les quotas chinois sur les terres rares, sur le tungstène et sur le molybdène de violer les règles du commerce mondial.},
	journaltitle = {Le Monde.fr},
	author = {Faujas, Alain},
	urldate = {2023-01-20},
	date = {2014-03-29},
	langid = {french},
	file = {Snapshot:C\:\\Users\\Beaucour\\Zotero\\storage\\NSSCP6XC\\matieres-premieres-les-terres-rares-resteront-chinoises_4391918_1667009.html:text/html},
}

@article{tilton_assessing_2003,
	title = {Assessing the Threat of Mineral Depletion},
	volume = {18},
	doi = {10.1080/14041040310008383},
	abstract = {The debate over the long-run availability of mineral commodities remains today as polarized as it was 30 years ago. This partly reflects the two very different paradigms often used to assess this threat, which can lead to sharply contrasting conclusions. In addition, the uncertainties regarding future developments in mineral supply and demand, which will govern the course of real mineral prices, are great. The geological unknowns are particularly a problem in this regard. Finally, mineral commodity prices reflect only those social costs that producers pay. Just how much greater prices would be—and how their trends over time would be alter—if prices reflected the full social costs of production and use is unknown. The available estimates vary greatly, and often reflect the values of individuals and groups rather than those of society as a whole. In light of the last two uncertainties, we simply do not know whether mineral commodities will become more or less available in the long run. The optimists cannot prove the pessimists wrong, nor can the pessimists prove the optimists wrong. So perhaps the most reliable prediction about the future threat of mineral depletion is that the debate will continue.},
	pages = {33--42},
	journaltitle = {Minerals and Energy - Raw Materials Report},
	shortjournal = {Minerals and Energy - Raw Materials Report},
	author = {Tilton, John},
	date = {2003-01-01},
	file = {Full Text PDF:C\:\\Users\\Beaucour\\Zotero\\storage\\AGGMPUQH\\Tilton - 2003 - Assessing the Threat of Mineral Depletion.pdf:application/pdf},
}

@report{usgs_critical_2020,
	title = {Critical Minerals Mapping Initiative},
	url = {https://pubs.usgs.gov/fs/2020/3035/fs20203035.pdf},
	type = {Fact Sheet},
	author = {{USGS}},
	date = {2020},
	note = {Series: Fact Sheet},
	file = {2020 - Fact Sheet.pdf:C\:\\Users\\Beaucour\\Zotero\\storage\\CN8PC5SC\\2020 - Fact Sheet.pdf:application/pdf},
}

@article{iea_global_2022,
	title = {Global Energy and Climate Model Documentation},
	url = {https://iea.blob.core.windows.net/assets/2db1f4ab-85c0-4dd0-9a57-32e542556a49/GlobalEnergyandClimateModelDocumentation2022.pdf},
	author = {{IEA}},
	date = {2022},
	langid = {english},
	file = {Global Energy and Climate Model Documentation.pdf:C\:\\Users\\Beaucour\\Zotero\\storage\\MNHX3T7X\\Global Energy and Climate Model Documentation.pdf:application/pdf},
}

@report{comes_note_2018,
	title = {Note de position sur la criticité des métaux pour l’économie française},
	author = {{COMES}},
	date = {2018},
	keywords = {02\_Approvisionnement métaux},
}

@online{insee_definition_2022,
	title = {Définition - Énergie primaire},
	url = {https://www.insee.fr/fr/metadonnees/definition/c1189},
	author = {{INSEE}},
	urldate = {2022-12-06},
	date = {2022-12-06},
}

@article{iea_future_2018-1,
	title = {The Future of Petrochemicals},
	author = {{IEA}},
	date = {2018},
	langid = {english},
	keywords = {02\_Approvisionnement métaux},
}

@online{commission_europeenne_twin_2022,
	title = {The twin green \& digital transition: How sustainable digital technologies could enable a carbon-neutral {EU} by 2050},
	url = {https://joint-research-centre.ec.europa.eu/jrc-news/twin-green-digital-transition-how-sustainable-digital-technologies-could-enable-carbon-neutral-eu-2022-06-29_en},
	shorttitle = {The twin green \& digital transition},
	abstract = {A {JRC} report published today sheds light on the key requirements that can make or break the {EU}’s green and digital transitions.},
	author = {{Commission européenne}},
	urldate = {2023-01-15},
	date = {2022},
	langid = {english},
	keywords = {01\_Risque dvp {ENR}},
}

@online{iea_digitalization_2017-1,
	title = {Digitalization and Energy – Analysis},
	url = {https://www.iea.org/reports/digitalisation-and-energy},
	abstract = {Digitalisation and Energy - Analysis and key findings. A report by the International Energy Agency.},
	titleaddon = {{IEA}},
	author = {{IEA}},
	urldate = {2023-01-15},
	date = {2017},
	langid = {british},
	keywords = {01\_Risque dvp {ENR}},
}

@article{bp_statistical_2022-1,
	title = {Statistical Review of World Energy 2022},
	author = {{BP}},
	date = {2022},
	langid = {english},
	keywords = {02\_Approvisionnement métaux},
}

@online{world_bank_wgi_2023,
	title = {{WGI} 2022 Interactive {\textgreater} Home},
	url = {http://info.worldbank.org/governance/wgi/},
	author = {{World Bank}},
	urldate = {2023-01-19},
	date = {2023-01-19},
}

@article{faujas_matieres_2014-1,
	title = {Matières premières : les « terres rares » resteront chinoises},
	url = {https://www.lemonde.fr/chine/article/2014/03/29/matieres-premieres-les-terres-rares-resteront-chinoises_4391918_1667009.html},
	shorttitle = {Matières premières},
	abstract = {{CHRONIQUE}. Comme on s’y attendait, l’{OMC} a donné raison, mercredi 26 mars, aux Etats-Unis, au Japon et à l’Union européenne, qui accusaient les quotas chinois sur les terres rares, sur le tungstène et sur le molybdène de violer les règles du commerce mondial.},
	journaltitle = {Le Monde.fr},
	author = {Faujas, Alain},
	urldate = {2023-01-20},
	date = {2014-03-29},
	langid = {french},
}

@article{lincot_terres_2021,
	title = {Terres rares : la Chine s’inquiète de ne pas pouvoir maintenir sa domination planétaire. Et voilà pourquoi ça devrait aussi nous alarmer},
	url = {https://atlantico.fr/article/decryptage/terres-rares---la-chine-s-inquiete-de-ne-pas-pouvoir-maintenir-sa-domination-planetaire--et-voila-pourquoi-ca-devrait-aussi-nous-alarmer-emmanuel-lincot},
	shorttitle = {Terres rares},
	abstract = {La Chine est le premier pays producteur mondial de minerais très utilisés dans les technologies de pointe. Un durcissement du contrôle chinois sur l'ensemble de la chaîne industrielle impliquant des terres rares semble annoncer une perte de monopole pour la Chine.},
	journaltitle = {Atlantico},
	author = {Lincot, Emmanuel},
	urldate = {2023-01-20},
	date = {2021-02-02},
	langid = {french},
	note = {Section: International},
}

@article{hsu_molycorp_2015,
	title = {Molycorp -- sole U.S. rare earth producer -- files for bankruptcy},
	url = {https://www.latimes.com/business/la-fi-molycorp-rare-earth-bankruptcy-20150625-story.html},
	abstract = {Molycorp Inc. — the only U.S. producer of rare earth elements used in high-tech communications, transportation and industrial products — filed for Chapter 11 bankruptcy protection amid competition from China and waning demand.},
	journaltitle = {Los Angeles Times},
	author = {Hsu, Tiffany},
	urldate = {2023-01-22},
	date = {2015-06-25},
	langid = {american},
	note = {Section: Business},
}

@report{usgs_rare_2021,
	title = {Rare eaths elements},
	url = {https://pubs.usgs.gov/periodicals/mcs2021/mcs2021-rare-earths.pdf},
	author = {{USGS}},
	urldate = {2022-11-28},
	date = {2021},
	file = {mcs2021-rare-earths.pdf:C\:\\Users\\Beaucour\\Zotero\\storage\\PJA86S9R\\mcs2021-rare-earths.pdf:application/pdf},
}
